This file was created with JabRef 2.0.1.
Encoding: ISO8859_1

@STRING{abdu = {F. Abdulwahab}}

@STRING{adje = {G. Adjedj}}

@STRING{ains = {M. Ainsworth}}

@STRING{alle = {D.H. Allen}}

@STRING{and = {and}}

@STRING{anm = {Applied numerical mathematics}}

@STRING{arbo = {T. Arbogast}}

@STRING{aubr = {D. Aubry}}

@STRING{babu = {I. Babu\v{s}ka}}

@STRING{baje = {C. Bajer}}

@STRING{bank = {R. E. Bank}}

@STRING{bass = {J. M. Bass}}

@STRING{bath = {K. J. Bathe}}

@STRING{becc = {R. Becker}}

@STRING{beck = {P. Beckers}}

@STRING{bels = {V. Belsky}}

@STRING{bely = {T. Belytschko}}

@STRING{bens = {A. Benssousan}}

@STRING{benv = {Y. Benveniste}}

@STRING{berg = {A. Berga}}

@STRING{blan = {C. Blanz\'e}}

@STRING{blank = {}}

@STRING{blria = {Bulletin de liaison de la Recheche en Informatique et en Automatique}}

@STRING{bode = {L. Bode}}

@STRING{boga = {R. Bogacz}}

@STRING{bont = {C. Bonthoux}}

@STRING{boyd = {J.G. Boyd}}

@STRING{brez = {F. Brezzi}}

@STRING{buss = {P. Bussy}}

@STRING{cail = {G. Cailletaud}}

@STRING{canm = {Commun. Appl. numer. methods}}

@STRING{care = {G.F. Carey}}

@STRING{chab = {J. L. Chaboche}}

@STRING{cham = {L. Champaney}}

@STRING{chen = {J. L. Chenot}}

@STRING{chun = {T.J. Chung}}

@STRING{ciar = {P.G. Ciarlet}}

@STRING{CMA = {Computational Mechanics Advances}}

@STRING{CMAME = {Comp. Meth. in Applied Mech. and Engrg.}}

@STRING{cmase = {Comp. Meth. in Applied Sc. and Engrg.}}

@STRING{CMECH = {Computational Mechanics}}

@STRING{coff = {G. Coffignal}}

@STRING{cogn = {J.--Y. Cognard}}

@STRING{comi = {C. Comi}}

@STRING{compscitech = {Composite science and technology}}

@STRING{compstru = {Computers and Structures}}

@STRING{coor = {P. Coorevits}}

@STRING{copp = {K. Copps}}

@STRING{cord = {J.-P. Cordebois}}

@STRING{cori = {A. Corigliano}}

@STRING{cras = {Compte-Rendus Acad. Sci. Paris, S\'erie II}}

@STRING{crasa = {Compte-Rendus Acad. Sci. Paris, S\'erie A}}

@STRING{crasun = {Compte-Rendus de l'Acad\'emie des Sciences, S\'erie I}}

@STRING{cris = {M. A. Crisfield}}

@STRING{cruz = {M.E. Cruz}}

@STRING{dant = {E. {Le Dantec}}}

@STRING{danw = {R. Danw\'e}}

@STRING{daux = {C. Daux}}

@STRING{debo = {J. F. Debongnie}}

@STRING{demk = {L. Demkowicz}}

@STRING{desa = {G. de Saxc\'e}}

@STRING{devl = {P. Devloo}}

@STRING{dolb = {J. Dolbow}}

@STRING{douc = {B. Douchin}}

@STRING{druc = {D. C. Drucker}}

@STRING{dume = {J. P. Dumeau}}

@STRING{dure = {D. Dureisseix}}

@STRING{dvor = {G.J. Dvorak}}

@STRING{ec = {Engng Computation}}

@STRING{ecp = {Ecole Centrale de Paris}}

@STRING{edwa = {H.C. Edwards}}

@STRING{eesd = {Earthquake Engineering and Structural Dynamics}}

@STRING{EFM = {Engineering Fracture Mechanics}}

@STRING{ejmas = {Eur. J. Mech., A/solids}}

@STRING{ens = {Ecole Normale Sup\'erieure de Cachan}}

@STRING{ensmp = {Ecole Nationale Sup\'erieure des Mines de Paris}}

@STRING{etal = {et al.}}

@STRING{eyro = {E. Y. Rodin}}

@STRING{FEAD = {Finite elements in analysis and design}}

@STRING{fish = {J. Fish}}

@STRING{fort = {M. Fortin}}

@STRING{foue = {J. M. Fouet}}

@STRING{four = {L. Fourment}}

@STRING{frae = {B. {Fraeijs de {V}eubeke}}}

@STRING{gago = {J. Gago}}

@STRING{gall = {L. Gallimard}}

@STRING{gang = {S. K. Gangaraj}}

@STRING{gast = {J. L. Gastine}}

@STRING{ghos = {S. Ghosh}}

@STRING{gilo = {P. Gilormini}}

@STRING{gira = {V. Girault}}

@STRING{glow = {R. Glowinski}}

@STRING{gued = {J.M. Guedes}}

@STRING{guez = {O. Guezel}}

@STRING{hans = {P. Hansbo}}

@STRING{haqu = {K. A. Haque}}

@STRING{hash = {Z. Hashin}}

@STRING{henr = {F. Henrotte}}

@STRING{hill = {R. Hill}}

@STRING{hint = {E. Hinton}}

@STRING{hori = {M. Hori}}

@STRING{huan = {G. C. Huang}}

@STRING{huer = {A. Huerta}}

@STRING{IJCCSE = {The International Journal for Computational Civil and Structural
	Engineering}}

@STRING{ijes = {International Journal of Engineering Science}}

@STRING{IJF = {International Journal of Fracture}}

@STRING{IJNME = {International Journal for Numerical Methods in Engineering}}

@STRING{IJP = {International Journal of Plasticity}}

@STRING{IJSS = {Int. J. Solids Structures}}

@STRING{jam = {IMA Journal of Applied Mathematics}}

@STRING{JCAM = {Journal of Computational and Applied Mathematics}}

@STRING{jde = {Journal of Differential Equations}}

@STRING{jett = {P. Jetteur}}

@STRING{jiro = {J. Jirousek}}

@STRING{jm = {Journal de M\'ecanique}}

@STRING{jmps = {J. Mech. Phys. Solids}}

@STRING{jmta = {Journal de M\'ecanique th\'eorique et appliqu\'ee}}

@STRING{john = {C. Johnson}}

@STRING{jone = {E. Jones}}

@STRING{jwju = {J.-W. Ju}}

@STRING{kaba = {A Kabaila}}

@STRING{kach = {L. M. Kachanov}}

@STRING{kato = {K. Kato}}

@STRING{kell = {D. W. Kelly}}

@STRING{kiku = {N. Kikuchi}}

@STRING{kruc = {S. Kruch}}

@STRING{lade = {P. Ladev\`eze}}

@STRING{ladj = {J. Ladev\`eze}}

@STRING{leda = {L. Ledain}}

@STRING{leed = {J. D. Lee}}

@STRING{leej = {J.K. Lee}}

@STRING{leek = {K. Lee}}

@STRING{leen = {N. S. Lee}}

@STRING{legu = {D. Leguillon}}

@STRING{lema = {J. Lemaitre}}

@STRING{leta = {P. Le Tallec}}

@STRING{li = {Y. Li}}

@STRING{lieb = {H. Liebowitz}}

@STRING{lion = {P.--L. Lions}}

@STRING{liuw = {W. K. Liu}}

@STRING{liuy = {Y. C. Liu}}

@STRING{loro = {Ph. Lorong}}

@STRING{maie = {G. Maier}}

@STRING{mand = {J. Mandel}}

@STRING{mari = {P. Marin}}

@STRING{mart = {J. B. Martin}}

@STRING{math = {A. Mathur}}

@STRING{mathcomp = {Mathematics of computation}}

@STRING{maun = {E.A.W. Maunder}}

@STRING{mc = {Math. Comp.}}

@STRING{mcm = {Math. Comput. Modelling}}

@STRING{mill = {A. Miller}}

@STRING{moes = {N. Mo{\"e}s}}

@STRING{moor = {S. Moorthy}}

@STRING{moul = {H. Moulinec}}

@STRING{musi = {J. Musielak}}

@STRING{nacsm = {New advances in Computational Structural Mechanics}}

@STRING{nema = {S. Nemat-Nasser}}

@STRING{nors = {S. Nor}}

@STRING{oden = {J. T. Oden}}

@STRING{ohay = {R. Ohayon}}

@STRING{oliv = {E. Oliveira}}

@STRING{onat = {E. O{\~{n}}ate}}

@STRING{orti = {M. Ortiz}}

@STRING{owen = {D. R. J. Owen}}

@STRING{pand = {M. Pandheeradi}}

@STRING{papa = {G. Papanicoulau}}

@STRING{pate = {A.T. Patera}}

@STRING{pell = {J. P. Pelle}}

@STRING{pere = {U. Perego}}

@STRING{peri = {A. Periau}}

@STRING{peric = {D. Peric}}

@STRING{pian = {T.H.H. Pian}}

@STRING{pija = {G. Pijaudier-Cabot}}

@STRING{pilv = {P. Pilvin}}

@STRING{prag = {W. Prager}}

@STRING{prot = {J. M. Proth}}

@STRING{prsl = {Proc. R. Soc. London A}}

@STRING{qam = {Quart. Appl. Math.}}

@STRING{quig = {J. J. Quigley}}

@STRING{ra = {La Recheche A\'erospatiale}}

@STRING{rach = {W. Rachowicz}}

@STRING{raja = {C. Rajakumar}}

@STRING{rann = {R. Rannacher}}

@STRING{rao = {M.M. Rao}}

@STRING{ravi = {P.-A. Raviart}}

@STRING{redd = {B.D. Reddy}}

@STRING{reef = {Revue europ\'eenne de \'el\'ements finis}}

@STRING{rema = {J.-F. Remacle}}

@STRING{ren = {Z.D. Ren}}

@STRING{repi = {S. Repin}}

@STRING{reyn = {M. Reynier}}

@STRING{rhei = {W. C. Rheinboldt}}

@STRING{rodi = {G. J. Rodin}}

@STRING{roug = {P. Rougeot}}

@STRING{saig = {S. Saigal}}

@STRING{samu = {A. Samuelson}}

@STRING{sanc = {E. Sanchez-Palencia}}

@STRING{sand = {J. S. Sandhu}}

@STRING{sang = {G. Sander}}

@STRING{sere = {G. Seregin}}

@STRING{shek = {K. Shek}}

@STRING{shep = {M.S. Shephard}}

@STRING{shi = {P. Shi}}

@STRING{siam = {SIAM J. Num. Anal.}}

@STRING{sido = {F. Sidoroff}}

@STRING{siu = {D. Siu}}

@STRING{stro = {T. Strouboulis}}

@STRING{suku = {N. Sukumar}}

@STRING{suqu = {P.M. Suquet}}

@STRING{sutt = {F.-T. Suttmeier}}

@STRING{syng = {J. L. Synge}}

@STRING{szab = {B. Szabo}}

@STRING{tde = {Th{\`}ese de Doctorat d'\'etat}}

@STRING{tdi = {Th{\`}ese de docteur ing\'enieur}}

@STRING{teta = {R. P. Tetambe}}

@STRING{teupmc = {Th\`ese d'\'etat de l'Universit\'e de Pierre et Marie Curie}}

@STRING{thom = {J. M. Thomas}}

@STRING{ticam = {Texas Institute for Computational and Applied Mathematics, Austin}}

@STRING{tieb = {B. Tie}}

@STRING{tong = {P. Tong}}

@STRING{troc = {F. Trochu}}

@STRING{ttc = {Th{\`}ese de troisi\`eme cycle}}

@STRING{tupmc = {Th{\`ese} de l'Universit\'e de Pierre et Marie Curie}}

@STRING{turc = {D. Turcke}}

@STRING{twor = {W. W. Tworzydlo}}

@STRING{tws = {Thin-Walled Structure}}

@STRING{ulg = {Universit\'e de Li\`ege}}

@STRING{upad = {C. S. Upadhyay}}

@STRING{upmc = {Universit\'e de Pierre et Marie Curie}}

@STRING{upsix = {Universit\'e Paris 6}}

@STRING{utku = {M. Utku}}

@STRING{vema = {K. Vemaganti}}

@STRING{verf = {R. Verf{\"u}rth}}

@STRING{vern = {F. Vernadat}}

@STRING{vir = {,}}

@STRING{voyi = {G. Z. Voyiadjis}}

@STRING{weis = {A. Weiser}}

@STRING{west = {T. A. Westermann}}

@STRING{wewu = {W. Wu}}

@STRING{whan = {W. Han}}

@STRING{wibe = {N. E. Wiberg}}

@STRING{will = {J.R. Willis}}

@STRING{wrig = {P. Wriggers}}

@STRING{xant = {L. S. Xanthis}}

@STRING{xiey = {Y. M. Xie}}

@STRING{yehi = {I. S. Yeh}}

@STRING{yuj = {J. Yu}}

@STRING{yunu = {S. M. Yunus}}

@STRING{zaou = {A. Zaoui}}

@STRING{zeid = {E. Zeidler}}

@STRING{zhon = {H. G. Zhong}}

@STRING{zhuj = {J. Z. Zhu}}

@STRING{zied = {E. Ziedler}}

@STRING{zien = {O. C. Zienkiewicz}}

@STRING{zohd = {T. I. Zohdi}}

@INPROCEEDINGS{Suquet87a,
  author = suqu,
  title = {Elements of homogenization for inelastic solid mechanics},
  booktitle = {Homogenization Techniques for Composite Media, Proceedings, Udine,
	Italy, 1985},
  year = {1987},
  editor = sanc # and # zaou,
  pages = {194--275},
  crossref = {Udine85a},
}

@INPROCEEDINGS{Glowinski90a,
  author = glow # and # leta,
  title = {Augmented lagrangian interpretation of the nonoverlapping {S}chwarz
	alternating method},
  year = {1990},
  pages = {224--231},
  crossref = {siam90},
}

@INPROCEEDINGS{AokiCaustic,
  author = {S. Aoki},
  title = {{FE} and {BE} investigation on caustic method for measuring dynamic
	fracture toughness},
  booktitle = {Dynamic fracture mechanics},
  year = {1995},
  editor = {M.H. Aliabadi},
  pages = {203--236},
  publisher = {Computational Mechanics Publications},
  crossref = {WessexDynamicFracture95},
}

@INPROCEEDINGS{AtluriFractureAsme79,
  author = {S.N. Atluri and T. Nishioka and M. Nakagaki},
  title = {Numerical modeling of dynamic and nonlinear crack propagation in
	finite bodies, by moving singular elements},
  booktitle = {Nonlinear and dynamic fracture mechanics},
  year = {1979},
  editor = {N. Perrone and S.N. Atluri},
  pages = {37--66},
  publisher = {ASME AMD Vol. 35},
  crossref = {AsmeFractureDynamics79},
}

@INPROCEEDINGS{OwenFractureAsme79,
  author = {E.S. Caldis and D.R.J. Owen and O.C. Zienkiewicz},
  title = {Nonlinear dynamic transient methods in crack propagation studies},
  booktitle = {Nonlinear and dynamic fracture mechanics},
  year = {1979},
  editor = {N. Perrone and S.N. Atluri},
  pages = {1--18},
  publisher = {ASME AMD Vol. 35},
  crossref = {AsmeFractureDynamics79},
}

@INPROCEEDINGS{IvankovicWilliams,
  author = {A. Ivankovic and J.G. Wiliams},
  title = {The finite volume analysis of linear elastic dynamic fracture problems},
  booktitle = {Dynamic fracture mechanics},
  year = {1995},
  editor = {M.H. Aliabadi},
  pages = {101--135},
  publisher = {Computational Mechanics Publications},
  crossref = {WessexDynamicFracture95},
}

@INPROCEEDINGS{KanazawaDynamics77,
  author = {T. Kanazawa and S. Machida and Y. Miimura and T. Teramoto},
  title = {Dynamic aspects of fast fracture and crack arrest},
  booktitle = {Fracture mechanics and technology},
  year = {1977},
  editor = {G.C. Sih and C.L. Show},
  pages = {1315--1328},
  publisher = {Sitzhoff and Noorhoff International},
  crossref = {SihChowFracture77},
}

@INPROCEEDINGS{KeegstraNodeRelease,
  author = {P.N.R. Keegstra and J.L. Head and C.E. Turner},
  pages = {634--},
  crossref = {FractureSwansea78},
}

@INPROCEEDINGS{KobayashiFractureAsme79,
  author = {A.S. Kobayashi},
  title = {Dynamic fracture analysis by the finite element method - generation
	and propagation analysis},
  booktitle = {Nonlinear and dynamic fracture mechanics},
  year = {1979},
  editor = {N. Perrone and S.N. Atluri},
  pages = {19--36},
  publisher = {ASME AMD Vol. 35},
  crossref = {AsmeFractureDynamics79},
}

@INPROCEEDINGS{Lions90a,
  author = {P.--L. Lions},
  title = {On the {S}chwarz alternating method {III}: a variant for nonoverlapping
	subdomains},
  year = {1990},
  pages = {202--223},
  crossref = {siam90},
}

@INPROCEEDINGS{MalluckNodalRelease,
  author = {J.F. Malluck and W.W. King},
  pages = {648--},
  crossref = {FractureSwansea78},
}

@INPROCEEDINGS{RydholmNodalRelease,
  author = {G. Rydholm and B. Frederiksson and F. Nilsson},
  pages = {660--},
  crossref = {FractureSwansea78},
}

@INPROCEEDINGS{Moes97a,
  author = lade # and # moes,
  title = {A posteriori constitutive relation error estimators for nonlinear
	finite element analysis and adaptive control},
  booktitle = {Advances in adaptive computational methods in mechanics},
  year = {1998},
  editor = lade # and # vern,
  pages = {231--256},
  note = {Studies in Applied Mechanics \#47, Elsevier publication},
}

@INPROCEEDINGS{Moes97b,
  author = moes # and # oden # and # vema,
  title = {A two-scale strategy and a posteriori error estimation for modeling
	heterogeneous structures},
  booktitle = {Advances in adaptive computational methods in mechanics},
  year = {1998},
  editor = lade # and # vern,
  pages = {115--135},
  note = {Studies in Applied Mechanics \#47, Elsevier publication},
}

@INPROCEEDINGS{Dureisseix97b,
  author = dure # and # lade,
  title = {A multi-level and parallel strategy for structural analysis},
  booktitle = {COMPLAS V International conference on computational plasticity, Computational
	plasticity - Fundamentals and applications, Barcelone},
  year = {1997},
  editor = owen # and # onat # and # hint # blank # etal,
  pages = {1790--1797},
}

@INPROCEEDINGS{Coorevits93a,
  author = coor # and # pell,
  title = {A post-processor for adaptative mesh of problems with steep gradient
	areas},
  booktitle = {Proc. of 8th Int. Conference CAD/CAM, Robotics and factories of the
	future, Metz},
  year = {1993},
  editor = prot # and # vern,
  note = {Post-conference book},
}

@INPROCEEDINGS{Coorevits92a,
  author = coor # and # lade # and # pell # and # roug,
  title = {Some new applications of a method for the control and optimization
	of finite element computations},
  booktitle = nacsm,
  year = {1992},
  editor = lade # and # zien,
  pages = {205--217},
  publisher = {Elsevier},
}

@INPROCEEDINGS{Ladeveze92b,
  author = lade # and # loro,
  title = {A large time increment approach with domain decomposition technique
	for mechanical nonlinear problems},
  booktitle = cmase,
  year = {1992},
  editor = glow,
  pages = {569-578},
  note = {INRIA},
}

@INPROCEEDINGS{Samuelson91a,
  author = samu # and # wibe,
  title = {Finite element adaptativity in dynamics and elastoplasticity},
  booktitle = {Finite element in the 90's},
  year = {1991},
  editor = onat # and # peri # and # samu,
  publisher = {Springer-Verlag/CIMNE, Barcelona 1991},
}

@INPROCEEDINGS{Bank86a,
  author = bank,
  title = {Analysis of a local a posteriori error estimate for elliptic problems},
  booktitle = {Accuracy estimates and adaptative refinements in Finite Element computations},
  year = {1986},
  editor = babu # and # gago # and # oliv # and # zien,
}

@INPROCEEDINGS{Ladeveze86a,
  author = lade # and # coff # and # pell,
  title = {Accuracy of elastoplastic and dynamic analysis},
  booktitle = {Accuracy estimates and adaptative refinements in Finite Element computations},
  year = {1986},
  editor = babu # and # gago # and # { oliv } # and # zien,
  pages = {181--203},
  publisher = {J. Wiley},
}

@INPROCEEDINGS{Oden86b,
  author = oden # and # demk # and # stro # and # devl,
  title = {Adaptive methods for problems in solid and fluid mechanics},
  booktitle = {Accuracy estimates and adaptative refinements in Finite Element computations},
  year = {1986},
  editor = babu # and # gago # and # oliv # and # zien,
  pages = {249--280},
  publisher = {J. Wiley},
}

@INPROCEEDINGS{Oden79a,
  author = oden,
  title = {The classical variational principles of mechanics},
  booktitle = {Energy methods in finite element analysis},
  year = {1979},
  editor = glow # and # eyro # and # zien,
  pages = {1--27},
  publisher = {Wiley--{I}nterscience {P}ublication},
}

@INPROCEEDINGS{Fraejs65a,
  author = frae,
  title = {isplacement and equilibrium models in the finite element method},
  booktitle = {Stress analysis},
  year = {1965},
  editor = zien,
  publisher = {John Wiley},
  note = {Chapter 9},
}

@INPROCEEDINGS{Tie92a,
  author = tieb # and # aubr,
  title = {Error estimates, h adaptative strategy and hierarchical concept for
	non linear finite element method},
  booktitle = {Numerical Methods in Engineering '92},
  year = {1992},
  editor = {Ch. Hirsch et al.},
  pages = {17--24},
  publisher = {Elsevier Science Publishers},
}

@INPROCEEDINGS{Pilvin96a,
  author = pilv,
  title = {The contribution of micromechanical approaches to the modelling of
	inelastic behaviour of polycristals},
  booktitle = {Multiaxial fatigue and design, {ESIS 21}},
  year = {1996},
  editor = {A. Pineau, G. Cailletaud and T.C. Lindley},
  pages = {3--19},
  note = {Mechanical engineering publications},
}

@INPROCEEDINGS{Allen93a,
  author = alle # and # boyd,
  title = {Convergence rates for computational predictions of stiffness loss
	in metal matrix composites},
  booktitle = {Composite Materials and Structures},
  year = {1993},
  editor = {C.W. Bert, V. Birman, D. Hui},
  pages = {31--45},
}

@INPROCEEDINGS{Ladevezej85a,
  author = ladj,
  title = {Algorithmes adapt\'es aux calculs vectoriel et parall\`ele pour des
	m\'ethodes de d\'ecomposition de domaines},
  booktitle = {Acte du 3\`eme colloque {T}endances {A}ctuelles en {C}alcul de {S}tructures},
  year = {1985},
  editor = {J.P. Grllier and G.M. Campel},
  pages = {893--907},
}

@ARTICLE{Coorevits96a,
  author = coor # and # dume # and # pell,
  title = {Analyses \'el\'ements finis adaptatives pour les structures tridimensionnelles
	en \'elasticit\'e},
  journal = reef,
  note = {Soumis},
}

@INPROCEEDINGS{Fourment92b,
  author = four,
}

@ARTICLE{Gallimard00a,
  author = gall,
}

@ARTICLE{GallimardIndic,
  author = gall,
}

@INPROCEEDINGS{Johnson91a,
  author = john,
}

@ARTICLE{Kelly83a,
  author = kell,
}

@BOOK{Ladeveze87a,
  title = {Sur une m\'ecanique parall\`ele, concepts et outils de calcul, Octobre
	1987},
  author = lade,
  note = {S\'eminaire du {L}aboratoire de {M}\'ecanique et {T}echnologie de
	{C}achan},
}

@ARTICLE{Oden89a,
  author = oden,
}

@INPROCEEDINGS{Pelle88a,
  author = pell,
}

@PHDTHESIS{Rannacher97a,
  author = rann,
}

@INPROCEEDINGS{Sandhu92a,
  author = sand,
}

@PHDTHESIS{Zhong91a,
  author = zhon,
  title = {Estimateurs d'erreur a posteriori et adaptation de maillages dans
	la m\'ethode des \'el\'ements finis},
  school = ulg,
  type = {Th\`ese},
}

@ARTICLE{Zohdi96d,
  author = oden # and # zohd,
  title = {Analysis and hierarchical modeling of heterogeneous structures},
  journal = CMAME,
  note = {To appear},
}

@ARTICLE{Zohdi97a,
  author = zohd # and # wrig,
  title = {A domain decomposition method for bodies with heterogeneous microstructure
	based on material regularization},
  journal = IJSS,
  note = {Submitted},
}

@PHDTHESIS{MoesHDR,
  author = moes,
  title = {Contributions au calcul des structures: Une extension de la m\'ethode
	des \'el\'ements finis. Le contr\^ole des calculs \'el\'ements finis
	non lin\'eaires.},
  school = ens,
  year = {2000},
  type = {M\'emoire d'Habilitation},
}

@ARTICLE{Moes96b,
  author = lade # and # moes,
  title = {Adaptive control for finite element analysis in plasticity},
  journal = compstru,
  year = {1999},
  volume = {73},
  pages = {45--60},
  url = {http://dx.doi.org/10.1016/S0045-7949(98)00284-3},
}

@ARTICLE{Moes98c,
  author = lade # and # moes # and # douc,
  title = {Constitutive relation error estimators for (visco)plastic finite
	element analysis with softening},
  journal = CMAME,
  year = {1999},
  volume = {176},
  pages = {247--264},
  url = {http://dx.doi.org/10.1016/S0045-7825(98)00340-5},
}

@ARTICLE{Moes98d,
  author = moes # and # oden # and # vema # and # rema,
  title = {Simplified methods and a posteriori error estimation for the homogenization
	of representative volume elements ({RVE})},
  journal = CMAME,
  year = {1999},
  volume = {176},
  pages = {265--278},
  url = {http://dx.doi.org/10.1016/S0045-7825(98)00341-7},
}

@ARTICLE{Moes98g,
  author = oden # and # vema # and # moes,
  title = {Hierarchical Modeling of Heterogeneous Solids},
  journal = CMAME,
  year = {1999},
  volume = {172},
  pages = {3--25},
  url = {http://dx.doi.org/10.1016/S0045-7825(98)00224-2},
}

@BOOK{CrisfieldVol2,
  title = {Non-linear finite element analysis of solids and structures, Volume
	2},
  publisher = {J. Wiley, London},
  year = {1998},
  author = cris,
}

@ARTICLE{Moes96a,
  author = lade # and # moes,
  title = {A new a posteriori error estimation for nonlinear time-dependent
	finite element analysis},
  journal = CMAME,
  year = {1998},
  volume = {157},
  pages = {45--68},
  url = {http://dx.doi.org/10.1016/S0045-7825(97)00212-0},
}

@ARTICLE{Moes97c,
  author = moes # and # oden # and # zohd,
  title = {Investigation of the interactions between the numerical and the modeling
	errors in the Homogenized Dirichlet Projection Method},
  journal = CMAME,
  year = {1998},
  volume = {159},
  pages = {79--101},
  url = {http://dx.doi.org/10.1016/S0045-7825(98)80104-7},
}

@ARTICLE{Suquet98a,
  author = moul # and # suqu,
  title = {A numerical method for computing the overall response of nonlinear
	composites with complex microstructure},
  journal = CMAME,
  year = {1998},
  volume = {157},
  pages = {69--94},
}

@ARTICLE{Ainsworth97a,
  author = ains # and # vern,
  title = {A posteriori error estimation in finite element analysis},
  journal = CMAME,
  year = {1997},
  volume = {142},
  pages = {1--88},
  number = {1--2},
}

@PHDTHESIS{Dureisseix97a,
  author = dure,
  title = {Une approche multi-\'echelles pour des calculs de structures sur
	ordinateurs \`a architecture parall\`ele},
  school = ens,
  year = {1997},
  type = {Phd Thesis},
}

@ARTICLE{Fish97a,
  author = fish # and # shek # and # pand # and # shep,
  title = {Computational plasticity for composite structures based on mathematical
	homogenization: theory and practice},
  journal = CMAME,
  year = {1997},
  volume = {148},
  pages = {53--73},
}

@PHDTHESIS{Ladeveze97c,
  author = lade # and # dure,
  title = {Une nouvelle strat\'egie de calcul parall\`ele et "micro/macro" en
	m\'ecanique non lin\'eaire},
  school = {LMT, Ecole Normale Sup\'erieure de Cachan},
  year = {1997},
  type = {Rapport interne 188},
}

@ARTICLE{Zohdi96b,
  author = oden # and # zohd,
  title = {Analysis and adaptive modeling of highly heterogeneous elastic structures},
  journal = CMAME,
  year = {1997},
  volume = {148},
  pages = {367--391},
  number = {3--4},
}

@PHDTHESIS{Ainsworth96a,
  author = ains # and # vern,
  title = {A posteriori error estimation in finite element analysis},
  school = ticam,
  year = {1996},
  type = {{TICAM} Report 96-19},
}

@ARTICLE{Babuska96a,
  author = babu # and # stro # and # gang # and # upad,
  title = {Pollution error in the h-version of the finite element method and
	the local quality of the recovered derivatives},
  year = {1996},
}

@PHDTHESIS{Babuska96b,
  author = babu # and # shi,
  title = {Regularity of solutions to a one dimensional plasticity model},
  school = ticam,
  year = {1996},
  type = {{TICAM} Report 96-16},
}

@PHDTHESIS{Babuska96c,
  author = babu # and # li,
  title = {On higher order finite element method for plasticity problems},
  school = ticam,
  year = {1996},
  type = {{TICAM} Report 96-22},
}

@BOOK{Bathe96a,
  title = {Finite element procedures},
  publisher = {Prentice-{H}all},
  year = {1996},
  author = bath,
}

@ARTICLE{Blanze96a,
  author = blan # and # cham # and # cogn # and # lade,
  title = {A modular approach for structures assembly computations. Application
	to contact problems.},
  journal = ec,
  year = {1996},
  volume = {13},
  number = {3},
}

@PHDTHESIS{Champaney96a,
  author = cham,
  title = {Une nouvelle approche modulaire pour l'analyse d'assemblages de structures
	tridimensionnelles},
  school = ens,
  year = {1996},
  type = {Phd Thesis},
}

@ARTICLE{Champaney96b,
  author = cham # and # cogn # and # dure # and # lade,
  title = {Numerical experimentations of parallel strategies in structural nonlinear
	analysis},
  journal = {Calculateurs parall\`eles},
  year = {1996},
  volume = {8},
  pages = {245--249},
  number = {2},
}

@ARTICLE{Cognard96a,
  author = cogn # and # dure # and # lade # and # loro,
  title = {Exp\'erimentation d'une approche parall\`ele pour en calcul de structures},
  journal = reef,
  year = {1996},
  volume = {5},
  pages = {197--220},
  number = {2},
}

@PHDTHESIS{Dumeau96a,
  author = dume,
  title = {Controle et adaptation de maillage 3D. Application \`a l'automatisation
	de calcul.},
  school = ens,
  year = {1996},
  type = {Th\`ese},
}

@PHDTHESIS{Edwards96a,
  author = edwa,
  title = {{MMPI}: Asynchronous {M}essage {M}anagement for the {M}essage-{P}assing
	{I}nterface},
  school = ticam,
  year = {1996},
  type = {{TICAM} Report 96-44},
}

@ARTICLE{Gallimard96a,
  author = gall # and # lade # and # pell,
  title = {Error estimation and adaptativity in elastoplasticity},
  journal = IJNME,
  year = {1996},
  volume = {39},
  pages = {189--217},
}

@ARTICLE{Ghosh96a,
  author = ghos # and # leek # and # moor,
  title = {Two scale analysis of heterogeneous elastic-plastic materials with
	asymptotic homogenization and Voronoi cell finite element model},
  journal = CMAME,
  year = {1996},
  volume = {132},
  pages = {63--116},
  numbre = {1--2},
}

@BOOK{Ladeveze96a,
  title = {M\'ecanique non lin\'eaire des structures. {N}ouvelle approche et
	m\'ethodes de calcul non incr\'ementales},
  publisher = {Hermes},
  year = {1996},
  author = lade,
  note = {(English version, Springer 1998)},
}

@ARTICLE{Ladeveze96b,
  author = lade # and # maun,
  title = {A general method for recovering equilibrating element tractions},
  journal = CMAME,
  year = {1996},
  volume = {137},
  pages = {111--151},
}

@ARTICLE{Li96a,
  author = li # and # babu,
  title = {A convergence analysis of a p-version finite element method for one-dimensional
	elastoplasticity problem with constitutive laws based on the gauge
	function method},
  journal = siam,
  year = {1996},
  volume = {33},
  pages = {809--842},
  number = {2},
}

@PHDTHESIS{Moes96c,
  author = moes,
  title = {An a posteriori error estimation method for models of materials described
	by internal variables},
  school = ens,
  year = {1996},
  type = {Ph.D. Thesis},
}

@ARTICLE{Repin96a,
  author = repi # and # xant,
  title = {A posteriori error estimation for elasto-plastic problems based on
	duality theory},
  journal = CMAME,
  year = {1996},
  volume = {138},
  pages = {317--341},
  number = {1--4},
}

@BOOK{Verfurth96a,
  title = {A review of a posteriori error estimation and adaptive mesh-refinement
	techniques},
  publisher = {Wiley--Teubner, ISBN 0-471-96795-5},
  year = {1996},
  author = verf,
}

@ARTICLE{Zohdi96a,
  author = zohd # and # oden # and # rodi,
  title = {Hierarchical modeling of heterogeneous bodies},
  journal = CMAME,
  year = {1996},
  volume = {138},
  pages = {273--298},
  number = {1--4},
}

@ARTICLE{Zohdi96c,
  author = zohd # and # oden # and # rodi,
  title = {Hierarchical modeling of heterogeneous bodies},
  journal = CMAME,
  year = {1996},
  note = {Submitted},
}

@ARTICLE{Babuska95a,
  author = babu # and # stro # and # upad,
  title = {eta-superconvergence of finite element approximations in the interior
	of general meshes of triangles},
  journal = CMAME,
  year = {1995},
  volume = {122},
  pages = {273--305},
}

@ARTICLE{Babuska95b,
  author = babu # and # stro # and # upad # and # gang,
  title = {A model study of element residual estimators for linear elliptic
	problems: {The} quality of the estimators in the interior of meshes
	of triangles and quadrilaterals},
  journal = compstru,
  year = {1995},
  volume = {57},
  pages = {1009--1028},
}

@ARTICLE{Babuska95c,
  author = babu # and # stro # and # upad # and # gang,
  title = {A posteriori estimation and adaptative control of the pollution error
	in the h-version of the finite element method},
  journal = IJNME,
  year = {1995},
  volume = {38},
  pages = {0000--0000},
}

@INPROCEEDINGS{Becker95a,
  author = becc # and # rann,
  title = {Weighted a posteriori error control in {FE} methods},
  booktitle = {Proc. ENUMATH-95, Paris},
  year = {1995},
}

@INPROCEEDINGS{Champaney95a,
  author = cham # and # cogn # and # dure # and # lade,
  title = {3D structure assembly analysis with a modular approach suited to
	parallel computations},
  booktitle = {Proceeding of the 28th {I}nternational symposium on automative technology
	and automation, Stuttgart},
  year = {1995},
  pages = {285--292},
}

@ARTICLE{Coorevits95a,
  author = coor # and # lade # and # pell,
  title = {An automatic procedure for finite element analysis in 2D elasticity},
  journal = CMAME,
  year = {1995},
  volume = { },
  pages = {000-000},
  number = { },
  note = {To be published},
}

@INPROCEEDINGS{Coorevits95b,
  author = coor # and # dume # and # nors # and # pell,
  title = {Adaptativity of three-dimensional meshes for the design of propellers},
  booktitle = {Actes du 4\`eme Colloque sur la Conception M\'ecanique int\'egr\'ee},
  year = {1995},
  pages = {000--000},
  publisher = {PRIMECA},
  note = {La Plagne, France},
}

@ARTICLE{Cruz95a,
  author = cruz # and # pate,
  title = {A parallel monte-carlo finite-element procedure for the analysis
	of multicomponent random media},
  journal = CMAME,
  year = {1995},
  volume = {38},
  pages = {1087--1121},
}

@ARTICLE{Debongnie95a,
  author = debo # and # zhon # and # beck,
  title = {Dual analysis with general boundary conditions},
  journal = CMAME,
  year = {1995},
  volume = {122},
  pages = {183--192},
}

@ARTICLE{Fish95a,
  author = fish # and # bels,
  title = {Multigrid method for periodic heterogeneous media. Part 1: {C}onvergnce
	studies for one-dimensional case},
  journal = CMAME,
  year = {1995},
  volume = {126},
  pages = {1-16},
}

@ARTICLE{Fish95b,
  author = fish # and # bels,
  title = {Multigrid method for periodic heterogeneous media. Part 2: {M}ultiscale
	modeling and quality control in multidimensional case},
  journal = CMAME,
  year = {1995},
  volume = {126},
  pages = {17-38},
}

@PHDTHESIS{Ladeveze95a,
  author = lade,
  title = {Les bases de la m\'ethode de l'erreur en relation de comportement
	pour le contr\^ole des calculs \'el\'ements finis: Les travaux des
	ann\'ees 1975},
  school = {LMT, Ecole Normale Sup\'erieure de Cachan},
  year = {1995},
  type = {Rapport interne 163},
}

@PHDTHESIS{Ladeveze95aus,
  author = lade,
  title = {The basis of the error on the constitutive law method for the control
	of finite element computations: The work of the mid 70'},
  school = {LMT, Ecole Normale Sup\'erieure de Cachan},
  year = {1995},
  type = {Internal report 163},
  note = {(in french)},
}

@ARTICLE{Pijaudier95a,
  author = pija # and # bode # and # huer,
  title = {Arbitrary Lagrangian-Eulerian finite element analysis of strain localization
	in transient problems},
  journal = IJNME,
  year = {1995},
  volume = {38},
  pages = {4171--4191},
  number = {24},
}

@ARTICLE{Reddy95a,
  author = whan # and # redd,
  title = {Computational plasticity: the variational basis and numerical analysis},
  journal = mathcomp,
  year = {1995},
  volume = {2},
  number = {4},
}

@ARTICLE{Repin95a,
  author = repi # and # sere,
  title = {Error estimates for stresses in the finite element analysis of the
	two-dimensional elasto-plastic problems},
  journal = ijes,
  year = {1995},
  volume = {33},
  pages = {255--268},
  number = {2},
}

@ARTICLE{Tetambe95a,
  author = teta # and # yunu # and # raja # and # saig,
  title = {Examination of flux projection-type error estimators in nonlinear
	finite element analysis},
  journal = compstru,
  year = {1995},
  volume = {54},
  pages = {641--653},
  number = {4},
}

@ARTICLE{Babuska94a,
  author = babu # and # stro # and # upad # and # gang # and # copp,
  title = {Validation of a posteriori error estimators by numerical approach},
  journal = IJNME,
  year = {1994},
  volume = {37},
  pages = {1073--1123},
}

@ARTICLE{Babuska94b,
  author = babu # and # stro # and # gang # and # upad,
  title = {eta-superconvergence in the interior of locally refined meshes of
	quadrilaterals: superconvergence of the gradient in finite element
	solutions of Laplace's and Poisson's equations},
  journal = anm,
  year = {1994},
  volume = {16},
  pages = {3--49},
}

@ARTICLE{Babuska94c,
  author = babu # and # stro # and # gang # and # upad,
  title = {Pollution-error in the h-version of the finite-element method and
	the local quality of a-posteriori error estimators},
  journal = FEAD,
  year = {1994},
  volume = {17},
  pages = {273--321},
}

@ARTICLE{Babuska94d,
  author = babu # and # stro # and # gang # and # upad,
  title = {Validation of recipes for the recovery of stresses and derivatives
	by a computer-based approach},
  journal = mcm,
  year = {1994},
  volume = {20},
  pages = {45--89},
}

@ARTICLE{Babuska94e,
  author = babu # and # stro # and # upad,
  title = {A model study of the quality of a posteriori error estimators for
	linear elliptic problems: Error estimation in the interior of patchwise
	uniform grids of triangles},
  journal = CMAME,
  year = {1994},
  volume = {114},
  pages = {307--378},
}

@PHDTHESIS{Babuska94f,
  author = babu # and # stro # and # upad # and # gang,
  title = {A model study of element-residual estimators for linear eliptic problems:
	The quality of the estimators in the interior of meshes of triangles
	and quadrilaterals},
  school = {Institute for physical science and technology, University of Maryland,
	College Park},
  year = {1994},
  type = {Technical note BN-1171},
}

@ARTICLE{Berga94a,
  author = berg # and # desa,
  title = {Elastoplastic Finite Element Analysis of Soil Problems with Implicit
	Standard Material Constitutive Laws},
  journal = reef,
  year = {1994},
  volume = {3},
  pages = {411--456},
  number = {3},
}

@ARTICLE{Coorevits94a,
  author = coor # and # pell # and # roug,
  title = {Sur l'adaptativit\'edes maillages \`a base de quadrilat\`eres. Application
	\`a l'automatisation de calculs par \'el\'ements finis en \'elasticit\'e
	2D},
  journal = reef,
  year = {1994},
  volume = {3},
  pages = {379--409},
  number = {3},
}

@ARTICLE{Coorevits94b,
  author = coor # and # lade # and # pell,
  title = {Mesh optimization for problems with steep gradients},
  journal = ec,
  year = {1994},
  volume = {11},
  pages = {129--144},
}

@ARTICLE{Coorevits94c,
  author = coor # and # lade # and # pell,
  title = {Automatic meshing for a prescribed accuracy in 2D elasticity},
  journal = tws,
  year = {1994},
  volume = {19},
  pages = {000-000},
  note = {To be published},
}

@PHDTHESIS{Gallimard94a,
  author = gall,
  title = {Contr\^ole adaptatif des calculs en \'elastoplasticit\'e et en viscoplasticit\'e},
  school = ens,
  year = {1994},
  type = {Th\`ese},
}

@PHDTHESIS{Ladeveze94a,
  author = lade,
  title = {La m\'ethode d'\'evaluation de l'erreur en relation de comportement
	appliqu\'ee \`a la {M.E.F.}: qualit\'e et am\'elioration},
  school = {LMT, Ecole Normale Sup\'erieure de Cachan},
  year = {1994},
  type = {Rapport interne 153},
}

@BOOK{LeTallec94a,
  title = {Domain decomposition methods in computational mechanics},
  publisher = {North-Holland},
  year = {1994},
  author = leta,
}

@PHDTHESIS{Lorong94a,
  author = loro,
  title = {Sur une approche parall\`ele pour le calcul des structures},
  school = ens,
  year = {1994},
  type = {Phd Thesis},
}

@ARTICLE{Oden94a,
  author = oden # and # wewu # and # ains,
  title = {An a posteriori error estimate for the finite element approximations
	of the Navier--Stokes equations},
  journal = CMAME,
  year = {1994},
  volume = {111},
  pages = {185--202},
}

@ARTICLE{Peric94a,
  author = peric # and # yuj # and # owen,
  title = {On error estimates and adaptativity in elasto-plastic solids: Applications
	to the numerical simulation of strain localisation in classical and
	{C}osserat continua},
  journal = IJNME,
  year = {1994},
  volume = {37},
  pages = {1351--1379},
  number = {8},
}

@ARTICLE{Pilvin94a,
  author = cail # and # pilv,
  title = {Utilisation de mod\`eles polycristallins pour le calcul par \'el\'ements
	finis},
  journal = reef,
  year = {1994},
  volume = {3},
  pages = {515--541},
  note = {in French},
}

@PHDTHESIS{Coorevits93b,
  author = coor,
  title = {Maillage adaptatif anisotrope: Application aux probl\`emes de dynamiques},
  school = ens,
  year = {1993},
  type = {Th\`ese},
}

@PHDTHESIS{Danwe93a,
  author = danw,
  title = {Une m\'ethode simplifi\'ee pour l'\'etude d'assemblage de structures},
  school = ens,
  year = {1993},
  type = {Phd Thesis},
}

@ARTICLE{Kato93a,
  author = kato # and # leen # and # bath,
  title = {Adaptative finite element analysis of large strain elastic response},
  journal = compstru,
  year = {1993},
  volume = {47},
  pages = {829--855},
  number = {4/5},
}

@PHDTHESIS{Tie93a,
  author = tieb,
  title = {El\'ements finis adaptatifs et hi\'erarchiques en \'elastoplasticit\'e
	localisation des d\'eformations},
  school = ecp,
  year = {1993},
  type = {Th\`ese},
}

@ARTICLE{Wiberg93a,
  author = wibe # and # abdu,
  title = {A posteriori error estimation based on superconvergent derivatives
	and equilibrium},
  journal = IJNME,
  year = {1993},
  volume = {36},
  pages = {2703--2724},
}

@ARTICLE{Ainsworth92a,
  author = ains # and # vern,
  title = {A procedure for a posteriori error estimation for h-p finite element
	method},
  journal = CMAME,
  year = {1992},
  volume = {101},
  pages = {73--96},
}

@INPROCEEDINGS{Aubry92a,
  author = aubr # and # tieb,
  title = {Relationships between error estimation and adaptive computations
	in strain localization},
  booktitle = {Proceedings of the 9th Conference on Engineering Mechanics, College
	Station},
  year = {1992},
}

@INPROCEEDINGS{Belytschko92a,
  author = bely # and # yehi,
  title = {Adaptativity in nonlinear structural dynamics with contact-impact},
  booktitle = {AMD-vol. 157,Adaptative, Multilevel, and Hierarchical Computational
	strategies, ASME},
  year = {1992},
}

@ARTICLE{Comi92a,
  author = comi # and # maier,
  title = {Extremum, convergence and stability properties of the finite-increment
	problem in elastic-plastic boundary element analysis},
  journal = IJSS,
  year = {1992},
  volume = {29},
  pages = {249--270},
  number = {2},
}

@ARTICLE{Comi92b,
  author = comi # and # maie # and # pere,
  title = {Generalized variable finite element modeling and extremum theorems
	in stepwise holonomic elastoplasticity with internal varaibles},
  journal = CMAME,
  year = {1992},
  volume = {96},
  pages = {213--237},
}

@ARTICLE{deSaxce92a,
  author = desa,
  title = {Une g\'en\'eralisation de l'in\'egalit\'e de {F}enchel et ses applications
	aux lois constitutives},
  journal = cras,
  year = {1992},
  volume = {314},
  pages = {125--129},
}

@ARTICLE{deSaxce92b,
  author = desa,
  title = {A generalization of {F}enchel's inequality and its applications to
	constitutive law},
  journal = cras,
  year = {1992},
  volume = {314},
  pages = {125--129},
}

@ARTICLE{Dvorak92a,
  author = dvor # and # benv,
  title = {On transformation strains and uniform fields in multiphase elastic
	media},
  journal = prsl,
  year = {1992},
  volume = {437},
  pages = {291--310},
}

@ARTICLE{Dvorak92b,
  author = dvor,
  title = {Transformation field analysis of inelastic composite materials},
  journal = prsl,
  year = {1992},
  volume = {437},
  pages = {311--327},
}

@PHDTHESIS{Fourment92a,
  author = four,
  title = {Estimateurs d'erreur et maillage adaptatif pour le maillage et la
	simulation numrique de mise en forme},
  school = ensmp,
  year = {1992},
  type = {Th\`ese de Doctorat},
}

@ARTICLE{Gastine92a,
  author = gast # and # lade # and # mari # and # pell,
  title = {Accuracy and optimal meshes in finite element computation for nearly
	incompressible materials},
  journal = CMAME,
  year = {1992},
  volume = {94},
  pages = {303--315},
  number = {94},
}

@ARTICLE{Johnson92a,
  author = john # and # hans,
  title = {Adaptative finite element methods in computational mechanics},
  journal = CMAME,
  year = {1992},
  volume = {101},
  pages = {143--181},
}

@ARTICLE{Ladeveze92a,
  author = lade,
  title = {La ma\^{\i}trise des mod\`eles en m\'ecanique des structures},
  journal = reef,
  year = {1992},
  volume = {1},
  pages = {9--30},
}

@INPROCEEDINGS{Ladeveze92c,
  author = lade # and # loro,
  title = {Sur une m\'ethode \`a grand incr\'ement de temps avec d\'ecomposition
	de domaine. Premi\`eres impl\'ementations sur calculateur \`a architecture
	parall\`ele.},
  booktitle = {StruCome 92, Conservatoire National des Arts et M\'etiers, Paris},
  year = {1992},
  pages = {649-661},
}

@ARTICLE{Ladeveze92d,
  author = lade,
  title = {A damage computational method for composite structures},
  journal = compstru,
  year = {1992},
  volume = {44},
  pages = {79--87},
}

@ARTICLE{Ladeveze92e,
  author = lade # and # dant,
  title = {Damage modelling of the elementary ply for the laminated composites},
  journal = compscitech,
  year = {1992},
  volume = {43},
  pages = {257--267},
}

@ARTICLE{Stroboulis92b,
  author = stro # and # haqu,
  title = {Recent experiences with error estimation and adaptativity, Part 2:
	Error estimation for h-adaptative approximations on grids of triangles
	and quadrilaterals},
  journal = CMAME,
  year = {1992},
  volume = {100},
  pages = {359--430},
}

@ARTICLE{Strouboulis92a,
  author = stro # and # haqu,
  title = {Recent experiences with error estimation and adaptativity, Part 1:
	Review of error estimators for scalar elliptic problems},
  journal = CMAME,
  year = {1992},
  volume = {97},
  pages = {399--436},
}

@ARTICLE{Zienkiewicz92a,
  author = zien # and # zhuj,
  title = {The superconvergent patch recovery and a posteriori error estimates,
	Part 1: The recovery technique},
  journal = IJNME,
  year = {1992},
  volume = {33},
  pages = {1331--1364},
}

@ARTICLE{Zienkiewicz92b,
  author = zien # and # zhuj,
  title = {The superconvergent patch recovery and a posteriori error estimates,
	Part 2: Error estimates and adaptativity},
  journal = IJNME,
  year = {1992},
  volume = {33},
  pages = {1365--1382},
}

@INPROCEEDINGS{Aubry91a,
  author = aubr # and # tieb,
  title = {A posteriori error analysis and h adaptive refinement for the {FEM}
	in non linear structural computations},
  booktitle = {Proc. of European Conference on New Advances in computational Structural
	mechanic, Giens},
  year = {1991},
}

@ARTICLE{Bajer91a,
  author = baje # and # boga # and # bont,
  title = {Adaptative space-time elements in the dynamic elastic-viscoplastic
	problem},
  journal = compstru,
  year = {1991},
  volume = {39},
  pages = {415--423},
  number = {5},
}

@INPROCEEDINGS{Beckers91a,
  author = beck # and # zhon,
  title = {Error etimators using solution defaults and their roles in the adaptation
	of finite element meshes},
  booktitle = {Proc. of 6th world congress and exhibition on finite element methods,
	BANFF,Alberta,Canada},
  year = {1991},
}

@INPROCEEDINGS{Beckers91b,
  author = beck # and # zhon,
  title = {Influence of element distortion on the reliability of some a posteriori
	error estimators},
  booktitle = {Proc. of the European conference on new advances in computational
	structural mechanics, Giens, France.},
  year = {1991},
  pages = {9--16},
}

@BOOK{Brezzi91a,
  title = {Mixed and hybrid finite element methods},
  publisher = {Springer-{V}erlag},
  year = {1991},
  author = brez # and # fort,
  series = {Springer series in computational mathematics},
}

@BOOK{Ciarlet91a,
  title = {Mathematical elasticity},
  publisher = {North-{H}olland},
  year = {1991},
  author = ciar,
  volume = {Volume 1: Three-dimensional elasticity},
}

@ARTICLE{Comi91a,
  author = comi # and # cori # and # maier,
  title = {Extremum properties of finite-step solutions in elastoplasticity
	with nonlinear mixed hardening},
  journal = IJSS,
  year = {1991},
  volume = {27},
  pages = {965--981},
  number = {8},
}

@BOOK{Crisfield91a,
  title = {Non-linear finite element analysis of solids and structures},
  publisher = {J. Wiley, London},
  year = {1991},
  author = cris,
}

@ARTICLE{Ladeveze91a,
  author = lade # and # pell # and # roug,
  title = {Error estimation and mesh optimization for classical finite elements},
  journal = ec,
  year = {1991},
  volume = {8},
  pages = {69--80},
}

@PHDTHESIS{Ledain91a,
  author = leda,
  title = {M\'ethode multigrilles et h-adaptation: application au calcul des
	structures \'elastiques},
  school = ensmp,
  year = {1991},
  type = {Th\`ese de Doctorat},
}

@PHDTHESIS{Marin91a,
  author = mari,
  title = {Sur le contr\^ole des calculs de structures 2D et 3D \'elastiques
	incompressibles et quasi-incompressibles},
  school = upmc,
  year = {1991},
  type = {Th\`ese},
}

@ARTICLE{Ortiz91a,
  author = orti # and # quig,
  title = {Adaptative mesh refinement in strain localization problems},
  journal = CMAME,
  year = {1991},
  volume = {90},
  pages = {781--804},
}

@BOOK{Rao91a,
  title = {Theory of Orlicz spaces},
  publisher = {Pure and applied mathematics series, Marcel Dekker},
  year = {1991},
  author = rao # and # ren,
}

@ARTICLE{Comi90a,
  author = comi # and # maier,
  title = {Extremum theorem and convergence criterion for an iterative solution
	to the finite-step problem in elastoplasticity with mixed nonlinear
	hardening},
  journal = {ejmas},
  year = {1990},
  volume = {9},
  pages = {563--585},
  number = {6},
}

@ARTICLE{Guedes90a,
  author = gued # and # kiku,
  title = {Preprocessing and postprocessing for materials based on the homogenization
	method with adaptive finite element methods},
  journal = CMAME,
  year = {1990},
  volume = {83},
  pages = {143-198},
}

@ARTICLE{Ladeveze90a,
  author = lade,
  title = {Mod\'elisation et calcul des structures: de nouveaux d\'efis},
  journal = ra,
  year = {1990},
  volume = {5},
  pages = {39--56},
}

@BOOK{Lemaitre90a,
  title = {Mechanics of solid materials},
  publisher = {Cambridge University Press, Cambridge},
  year = {1990},
  author = lema # and # chab,
}

@ARTICLE{Suquet90a,
  author = suqu,
  title = {A simplified method for prediction of homogenized elastic properties
	of composites with a periodic structure},
  journal = cras,
  year = {1990},
  volume = {311},
  pages = {769--774},
}

@BOOK{Zeidler90a,
  title = {Nonlinear functional analysis and it's applications},
  publisher = {Springer-{V}erlag},
  year = {1990},
  author = zeid,
}

@BOOK{Ziedler90a,
  title = {Nonlinear functional analysis and its applications},
  publisher = {Springer-{V}erlag},
  year = {1990},
  author = zied,
}

@ARTICLE{Zienkiewicz90a,
  author = zien # and # huan # and # liuy,
  title = {Adaptative {FEM} computation of forming processes-Application to
	porous and non-porous materials},
  journal = IJNME,
  year = {1990},
  volume = {30},
  pages = {1527--1553},
}

@ARTICLE{Adjedj89a,
  author = adje # and # aubr,
  title = {Development of a hierarchical and adaptive finite element software},
  journal = CMAME,
  year = {1989},
  volume = {75},
  pages = {153--165},
  number = {1-4},
}

@ARTICLE{Ladeveze89a,
  author = lade # and # pell,
  title = {Accuracy in finite element computation for eigenfrequencies},
  journal = IJNME,
  year = {1989},
  volume = {29},
  pages = {1929--1949},
}

@INPROCEEDINGS{Ladeveze89b,
  author = lade # and # pell,
  title = {Sur le contr\^ole adaptatif des calculs par \'el\'ements finis},
  booktitle = blria,
  year = {1989},
  publisher = {INRIA},
}

@ARTICLE{Ladeveze89c,
  author = lade,
  title = {La m\'ethode \`a grand incr\'ement de temps pour l'analyse de structures
	\`a comportement non lin\'eaires d\'ecrit par variables internes},
  journal = cras,
  year = {1989},
  volume = {309},
  pages = {1095--1099},
  number = {11},
}

@INPROCEEDINGS{Ladeveze89d,
  author = lade # and # reyn,
  title = {A localisation method of stiffness errors for the adjustment of F.E.
	models},
  booktitle = {Special issue, 12th ASME Mechanical vibration and noise conference,
	Montreal},
  year = {1989},
}

@PHDTHESIS{Rougeot89a,
  author = roug,
  title = {Sur le contr\^ole de qualit\'e des maillages \'el\'ements finis},
  school = upmc,
  year = {1989},
}

@ARTICLE{Willis89a,
  author = will,
  title = {The structure of overall constitutive relation for a class of nonlinear
	composites},
  journal = jam,
  year = {1989},
  volume = {43},
  pages = {231-242},
}

@BOOK{Chung88a,
  title = {Continuum mechanics},
  publisher = {Prentice-{H}all},
  year = {1988},
  author = chun,
}

@BOOK{Ciarlet88a,
  title = {Introduction to numerical linear algebra and optimisation},
  publisher = {Cambridge University Press},
  year = {1988},
  author = ciar,
}

@BOOK{Kikuchi88a,
  title = {Contact problems in elasticity: {A} study of variational inequalities
	and finite element methods},
  publisher = {SIAM,studies in applied mathematics},
  year = {1988},
  author = kiku # and # vern,
}

@ARTICLE{Ladeveze88a,
  author = lade # and # pell,
  title = {Optimisation des maillages pour les calculs de fr\'equences propres},
  journal = jmta,
  year = {1988},
  volume = {7},
  number = {3},
}

@BOOK{Lemaitre88a,
  title = {M\'ecanique des mat\'eriaux solides},
  publisher = {Dunod, Paris},
  year = {1988},
  author = lema # and # chab,
}

@ARTICLE{Zienkiewicz88a,
  author = zien # and # liuy # and # huan,
  title = {Error estimation and adaptativity in flow formulation for forming
	problems},
  journal = IJNME,
  year = {1988},
  volume = {25},
  pages = {23--42},
}

@PHDTHESIS{Coffignal87a,
  author = coff,
  title = {Optimisation et fiabilit\'e des calculs \'el\'ements finis en \'elastoplasticit\'e},
  school = upmc,
  year = {1987 },
  type = {Th\`ese d'\'etat},
}

@ARTICLE{Babuska87a,
  author = babu # and # mill,
  title = {A feedback finite element method with a posteriori error estimation:
	Part 1. The finite element method and some basic properties of the
	a posteriori error estimator},
  journal = CMAME,
  year = {1987},
  volume = {61},
  pages = {1--40},
}

@ARTICLE{Bass87a,
  author = bass # and # vern,
  title = {Adaptative finite element methods for a class of evolution problems
	in viscoplasticity},
  journal = ijes,
  year = {1987},
  volume = {25},
  pages = {623--653},
  number = {6},
}

@BOOK{Rao87a,
  title = {Measure theory and integration},
  publisher = {Pure and applied mathematics series, Wiley},
  year = {1987},
  author = rao,
}

@ARTICLE{Zienkiewicz87a,
  author = zien # and # zhuj,
  title = {A simple error estimator and adaptative procedure for practical engineering
	analysis},
  journal = IJNME,
  year = {1987},
  volume = {24},
  pages = {337--357},
}

@BOOK{Girault86a,
  title = {Finite element methods for the {N}avier-{S}tokes equations},
  publisher = {Springer-{V}erlag},
  year = {1986},
  author = gira # and # ravi,
  series = {Springer series in computational mathematics},
}

@ARTICLE{Jetteur86a,
  author = jett,
  title = {Implicit integration algorithm for elastoplasticity in plane stress
	analysis},
  journal = ec,
  year = {1986},
  volume = {3},
  pages = {251--253},
}

@ARTICLE{Oden86a,
  author = oden # and # stro # and # devl,
  title = {Adaptative finite element methods for the analysis of inviscid compressible
	flow. Part 2: Fast refinement/unrefinement and moving mesh methods
	for unstructured meshes},
  journal = compstru,
  year = {1986},
  volume = {59},
  pages = {327--362},
}

@BOOK{Oden86c,
  title = {Qualitative methods in nonlinear mechanics},
  publisher = {Prentice-Hall},
  year = {1986},
  author = oden,
}

@PHDTHESIS{Rougeot86a,
  author = roug,
  title = {{INTERPRETEUR}: un logiciel d'interpr\'etation de commande},
  school = {LMT, Ecole Normale Sup\'erieure de Cachan},
  year = {1986},
  type = {Note technique interne},
}

@ARTICLE{Bank85a,
  author = bank # and # weis,
  title = {Some a posteriori error estimators for elliptic partial differential
	equations},
  journal = mc,
  year = {1985},
  volume = {44},
  pages = {283--301},
}

@INPROCEEDINGS{Bussy85a,
  author = buss # and # coff # and # lade,
  title = {Reliability and optimization of non linear finite element analyses},
  booktitle = {Proc. of NUMETA'85, Swansea},
  year = {1985},
}

@ARTICLE{Ladeveze85a,
  author = lade,
  title = {Sur une famille d'algorithmes en M\'ecanique des structures},
  journal = cras,
  year = {1985},
  volume = {300},
  pages = {41--44},
}

@PHDTHESIS{Pelle85a,
  author = pell,
  title = {Fiabilit\'e et optimisation des calculs de fr\'equences propres par
	\'el\'ements finis},
  school = upmc,
  year = {1985},
}

@PHDTHESIS{Bussy84a,
  author = buss,
  title = {Optimisation et fiabilit\'e des calculs par \'el\'ements finis en
	non lin\'earit\'e g\'eom\'etrique},
  school = {upsix},
  year = {1984},
  type = {Thesis},
}

@ARTICLE{Demkowicz84a,
  author = demk # and # oden # and # stro,
  title = {Adaptive finite element methods for flow problems with moving boundaries.
	Part 1: Variational principles and a posteriori estimates},
  journal = CMAME,
  year = {1984},
  volume = {46},
  pages = {217--251},
}

@ARTICLE{Ladeveze84a,
  author = lade # and # pell,
  title = {Sur la m\'ethode d'encadrement des fr\'equences propres de structures
	\'elastiques},
  journal = jmta,
  year = {1984},
  volume = {3},
  pages = {689--715},
  number = {5},
}

@INPROCEEDINGS{Coffignal83a,
  author = coff # and # lade,
  title = {Error computation and optimal mesh in elasticity and elastoplasticity},
  booktitle = {Proc. of 4th Int. Conference on Mechanical Behaviour of Materials,
	Chicago},
  year = {1983},
}

@INPROCEEDINGS{Coffignal83b,
  author = coff # and # lade # and # guez,
  title = {Sur une m\'ethode d'encadrement du taux de restitution d'\'energie},
  booktitle = {Proc. of 4th Int. Symp. on numerical methods for engineering, Dunod,
	Paris},
  year = {1983},
}

@ARTICLE{Gago83a,
  author = gago # and # kell # and # zien # and # babu,
  title = {A posteriori error analysis and adaptative processes in finite element
	method. Part 2: Adaptative mesh refinement},
  journal = IJNME,
  year = {1983},
  volume = {19},
  pages = {1621--1656},
}

@ARTICLE{Ladeveze83a,
  author = lade # and # pell,
  title = {M\'ethode de calcul par encadrement des fr\'equences propres de structures
	\'elastiques},
  journal = cras,
  year = {1983},
  volume = {296},
  pages = {1757--1760},
}

@ARTICLE{Ladeveze83b,
  author = lade # and # legu,
  title = {Error estimate procedure in the finite element method and application},
  journal = siam,
  year = {1983},
  volume = {20},
  pages = {485--509},
  number = {3},
}

@BOOK{Oden83b,
  title = {Finite elements},
  publisher = {Prentice-Hall},
  year = {1983},
  author = oden # and # care,
}

@ARTICLE{Zienkiewicz83a,
  author = zien # and # gago # and # kell,
  title = {The hierarchical concept in finite element analysis},
  journal = compstru,
  year = {1983},
  volume = {16},
  pages = {53--65},
  number = {1-4},
}

@ARTICLE{Babuska82a,
  author = babu # and # rhei,
  title = {Computational error estimates and adaptative processes for some nonlinear
	structural problems},
  journal = CMAME,
  year = {1982},
  volume = {34},
  pages = {895--937},
}

@ARTICLE{Cordebois82a,
  author = cord # and # sido,
  title = {Endommagement anisotrope en \'elasticit\'e et plasticit\'e},
  journal = jmta,
  year = {1982},
  pages = {45--60},
  note = {Special issue},
}

@PHDTHESIS{Guezel82a,
  author = guez,
  title = {Sur l'encadrement du taux de restitution d'\'energie},
  school = upmc,
  year = {1982},
  type = {Th\`ese},
}

@ARTICLE{Siu81a,
  author = siu # and # turc,
  title = {Optimal finite element discretization for nonlinear constitutive
	relation},
  journal = compstru,
  year = {1981},
  volume = {13},
  pages = {83--87},
}

@PHDTHESIS{Carey80a,
  author = are # and # kaba # and # utku,
  title = {On penalty methods for interelement constraints},
  school = ticam,
  year = {1980},
  type = {{TICOM} Report 80-18},
}

@BOOK{Musielak80a,
  title = {Orlicz and modular spaces},
  publisher = {Lecture notes in mathematics, Springer-Verlag},
  year = {1980},
  author = musi,
}

@BOOK{Sanchez80a,
  title = {Non-homogeneous media and vibration theory},
  publisher = {Lecture notes in physics, Springer-Verlag},
  year = {1980},
  author = sanc,
}

@ARTICLE{Babuska79a,
  author = babu # and # rhei,
  title = {Adaptative approaches and reliability estimators in finite element
	analysis},
  journal = CMAME,
  year = {1979},
  volume = {17/18},
  pages = {519--540},
}

@ARTICLE{Babuska78a,
  author = babu # and # rhei,
  title = {A posteriori estimates for the finite element method},
  journal = IJNME,
  year = {1978},
  volume = {12},
  pages = {1597--1615},
}

@ARTICLE{Babuska78b,
  author = babu # and # rhei,
  title = {Error estimates for adaptive finite element computation},
  journal = siam,
  year = {1978},
  volume = {15},
  pages = {736--754},
  number = {4},
}

@BOOK{Benssousan78a,
  title = {Asymptotic analysis for periodic structures},
  publisher = {North Holland, Amsterdam},
  year = {1978},
  author = bens # and # lion # and # papa,
}

@CONFERENCE{Ladeveze77a,
  author = lade,
  title = {Nouvelles proc\'edures d'estimations d'erreur relative \`a la m\'ethode
	des \'el\'ements finis},
  booktitle = {proc. Journ\'ees El\'ements finis, Rennes},
  year = {1977},
}

@ARTICLE{Oden77a,
  author = babu # and # oden # and # leed,
  title = {Mixed-hybrid finite element approximations of second-order elliptic
	boundary value problems},
  journal = CMAME,
  year = {1977},
  volume = {11},
  pages = {175--206},
}

@ARTICLE{Raviart77a,
  author = ravi # and # thom,
  title = {Primal hybrid finite element methods for 2nd order elliptic equations},
  journal = mathcomp,
  year = {1977},
  volume = {31},
  pages = {391--413},
  number = {138},
}

@PHDTHESIS{Ladeveze75a,
  author = lade,
  title = {Comparaison de mod\`eles de milieux continus},
  school = upmc,
  year = {1975},
  type = {Th\`ese d'\'etat},
}

@BOOK{Martin75a,
  title = {Plasticity: fundamentals and general results},
  publisher = {MIT Press Cambridge, Massachusetts},
  year = {1975},
  author = mart,
}

@BOOK{Mandel72a,
  title = {Plasticit\'e classique et viscoplasticit\'e},
  publisher = {CISM Lecture notes no 97, Springer-Verlag, Wein},
  year = {1972},
  author = mand,
}

@BOOK{Oden83a,
  title = {Finite elements of nonlinear continua},
  publisher = {McGraw-Hill},
  year = {1972},
  author = oden # and # vern,
}

@BOOK{Kachanov71a,
  title = {Foundations of the theory of plasticity},
  publisher = {North-{H}olland},
  year = {1971},
  author = kach,
}

@ARTICLE{Pian69a,
  author = pian # and # tong,
  title = {The basis of finite element methods for solid continua},
  journal = IJNME,
  year = {1969},
  volume = {1},
  pages = {3--28},
}

@ARTICLE{Hill67a,
  author = hill,
  title = {The essential structure of constitutive laws for metal composites
	and polycristals},
  journal = jmps,
  year = {1967},
  volume = {15},
  pages = {79--95},
}

@PHDTHESIS{Sander67a,
  author = sang # and # frae,
  title = {Upper and lower bounds to structural deformations by dual analysis
	in finite elements},
  school = {Wright-Patterson air force base},
  year = {1967},
  type = {Technical report AFFDL-TR-66-199},
}

@ARTICLE{Hill65a,
  author = hill,
  title = {A self consistent mechanics of composite materials},
  journal = jmps,
  year = {1965},
  volume = {13},
  pages = {213--222},
}

@ARTICLE{Drucker64a,
  author = druc,
  title = {On the postulate of stability of material in the mechanics of continua},
  journal = jm,
  year = {1964},
  volume = {3},
  pages = {235--249},
  number = {2},
}

@ARTICLE{Jones64a,
  author = jone,
  title = {A generalization of the direct-stiffness method of structural analysis},
  journal = {AIAA J. 2},
  year = {1964},
  pages = {821--826},
}

@ARTICLE{Hill63a,
  author = hill,
  title = {Elastic properties of reinforced solids: some theoretical principles},
  journal = jmps,
  year = {1963},
  volume = {11},
  pages = {357--372},
}

@BOOK{Hill56a,
  title = {The mathematical theory of plasticity},
  publisher = {Oxford at the {C}larendon press},
  year = {1956},
  author = hill,
}

@ARTICLE{Prager47a,
  author = prag # and # syng,
  title = {Approximation in elasticity based on the concept of functions space},
  journal = qam,
  year = {1947},
  volume = {5},
  pages = {261--269},
}

@ARTICLE{Arbogast97a,
  author = arbo,
  title = {Private communication},
  year = { },
  pages = { },
}

@ARTICLE{Liu91a,
  author = {W.K. liu and Y. Zhang and M.R. Ramirez},
  title = {Multiple scale finite element},
  journal = IJNME,
  year = {1991},
  volume = {32},
  pages = {969--990},
}

@BOOK{Kufner77a,
  title = {Function spaces},
  publisher = {Noordhoff International Publishing, Lyden},
  year = {1977},
  author = {A.Kufner and O. John and S. Fu\v{c}ik},
}

@ARTICLE{Abbasi2001,
  author = {N. El-Abbasi and K.J. Bathe},
  title = {Stability and patch test performance of contact discretizations and
	a new algorithm},
  journal = compstru,
  year = {2001},
  volume = {79},
  pages = {1473--1486},
}

@BOOK{AchenbachBook,
  title = {Wave propagation in elastic solids},
  publisher = {North-Holland},
  year = {1973},
  author = {J.D. Achenbach},
}

@ARTICLE{AchenbachDynamicKink,
  author = {J.D. Achenbach and M.K. Kuo},
  title = {Conditions for crack kinking under stress-wave loading},
  journal = EFM,
  year = {1983},
  volume = {22},
  pages = {165--190},
  number = {2},
}

@ARTICLE{AlartCurnierContact91,
  author = {P. Alart and A. Curnier},
  title = {A mixed formulation for frictional contact problems prone to {N}ewton
	like solution methods},
  journal = CMAME,
  year = {1991},
  volume = {92},
  pages = {353--375},
}

@BOOK{Aliabadi:num,
  title = {Numerical Fracture Mechanics},
  publisher = {Kluwer Academic Publishers},
  year = {1991},
  author = {M.H. Aliabadi and D.P. Rooke},
  address = {Dordrecht, The Netherlands},
}

@ARTICLE{AmestoyLeblond,
  author = {M. Amestoy and J.B. Leblond},
  title = {Crack paths in plane situation-{II}. Detailed form of the expansion
	of the stress intensity factors},
  journal = IJSS,
  year = {1992},
  volume = {29},
  pages = {465--501},
  number = {4},
}

@ARTICLE{AmestoyLeblondCras85,
  author = {M. Amestoy and J.B. Leblond},
  title = {Sur le crit\`ere donnant la direction de propagation des fissures
	dans la th\'eorie de Griffith},
  journal = cras,
  year = {1985},
  volume = {301},
  pages = {969--972},
}

@BOOK{Anderson:basis,
  title = {Fracture Mechanics : Fundamentals and Applications},
  publisher = {CRC Press},
  year = {1990},
  author = {T.L. Anderson},
  address = {Boston, Massachusetts},
}

@INPROCEEDINGS{AndoFracture75,
  author = {Y. Ando and G. Yagawa and Y. Sakai},
  booktitle = {Trans. 3rd Int. Conf. on SMIRT, London},
  year = {1975},
  pages = {L7/1},
}

@ARTICLE{Bechet05,
  author = {E. B\'echet and H. Minnebo and N. Mo{\"e}s and B. Burgardt},
  title = {Improved implementation and robustness study of the X-FEM method
	for stress analysis around cracks},
  journal = IJNME,
  year = {2005},
  volume = {64},
  pages = {1033--1056},
}

@ARTICLE{Bechet03,
  author = {E. B\'echet and E. Ruiz and F. Trochu and J.C Cuilli\`ere},
  title = {Remeshing Algorithms Applied to Mould Filling Simulations in Resin
	Transfer Moulding},
  journal = {Journal of Reinforced Plastics and Composites},
  year = {2003},
  volume = {23},
  pages = {17--37},
  abstract = {ABSTRACT},
  entrydate = {2005/03/14},
}

@ARTICLE{Bechet03_1,
  author = {E. B\'echet and E. Ruiz and F. Trochu and J.C Cuilli\`ere},
  title = {Adaptive Mesh Generation for Mould Filling Problems in Resin Transfer
	Moulding},
  journal = {Composites Part A},
  year = {2003},
  volume = {34},
  pages = {813--834},
  abstract = {ABSTRACT},
  entrydate = {2005/03/14},
}

@BOOK{BazantSizeEffectBook,
  title = {Fracture and size effect in concrete and other quasibrittle materials},
  publisher = {CRC Press},
  year = {1998},
  author = {Z.P. Ba\v{z}ant and J. Planas},
}

@INPROCEEDINGS{BabuskaFEMHistory,
  author = {I. Babu\v{s}ka},
  title = {Courant element: before and after},
  booktitle = {Finite element methods: fifty years of the Courant element},
  year = {1994},
  editor = {M. K\v{r}\`{\i}\v{z}ek and P. Neittaanm{\"a}ki and R. Stenberg},
  pages = {37--51},
  publisher = {Marcel Dekker, Inc.},
}

@ARTICLE{BabuskaLag,
  author = {I. Babu\v{s}ka},
  title = {The finite element method with lagrangian multipliers},
  journal = {Numerische Math},
  year = {1973},
  volume = {20},
  pages = {179--192},
}

@ARTICLE{BabuskaPUMIJNME,
  author = {I. Babu\v{s}ka and I. Melenk},
  title = {Partition of unity method},
  journal = IJNME,
  year = {1997},
  volume = {40},
  pages = {727--758},
  number = {4},
}

@ARTICLE{Babuska:Corners,
  author = {I. Babu\v{s}ka and M. Rosenzweig},
  title = {A Finite Element Scheme for Domains with Corners},
  journal = {Numer. Math.},
  year = {1972},
  volume = {20},
  pages = {1--21},
}

@ARTICLE{Ball77a,
  author = {J. M. Ball},
  title = {Convexity conditions and existence theorems in nonlinear elasticity},
  journal = {Archive for rational mechanics and analysis},
  year = {1977},
  volume = {46},
  pages = {337--403},
}

@ARTICLE{Bannerman:ships,
  author = {D.B. Bannerman and R.T. Young},
  title = {Some improvements resulting from studies of welded ship failures},
  journal = {Welding Journal},
  year = {1946},
  volume = {25},
}

@ARTICLE{Baranger93a,
  author = {Baranger and J. and Najib and K. and Sandri and D.},
  title = {Numerical analysis of a three-fields model for a quasi-Newtonian
	flow},
  journal = CMAME,
  year = {1993},
  volume = {109},
  pages = {281--292},
  number = {3--4},
}

@ARTICLE{Barbosa91,
  author = {H. Barbosa and T. Hughes},
  title = {Finite element method with Lagrange multipliers on the boundary.
	Circumventing the Babuska-Brezzi condition},
  journal = CMAME,
  year = {1991},
  volume = {85},
  pages = {109--128},
  number = {1},
}

@ARTICLE{BarenblattCohesive62,
  author = {G.I. Barenblatt},
  title = {The mathematical theory of equilibrium of cracks in brittle fracture},
  journal = {Adv. Appl. Mech.},
  year = {1962},
  volume = {7},
  pages = {55--129},
}

@ARTICLE{Barsoum:QPE,
  author = {R.S. Barsoum},
  title = {Triangular Quarter-Point Elements as Elastic and Perfectly-Plastic
	Crack Tip Elements},
  journal = IJNME,
  year = {1977},
  volume = {11},
  pages = {85--98},
}

@ARTICLE{barth-sethian,
  author = {T. J. Barth and J. A. Sethian},
  title = {Numerical Schemes for the {H}amilton-{J}acobi and Level Set Equations
	on Triangulated Domains},
  journal = {Journal of Computational Physics},
  year = {1998},
  volume = {145},
  pages = {1--40},
  number = {1},
}

@BOOK{Bathe:fep,
  title = {Finite Element Procedures},
  publisher = {Prentice Hall},
  year = {1996},
  author = {Bathe, K.J.},
  address = {Englewood Cliffs, New Jersey},
}

@ARTICLE{Bathe:MITc,
  author = {K.J. Bathe and M.L. Bucalem and F. Brezzi},
  title = {Displacement and Stress Convergence of Our MITC Plate Bending Elements},
  journal = {Engineering Computations},
  year = {1990},
  volume = {7},
  pages = {291--302},
}

@ARTICLE{BazantCrackStability77,
  author = {Z.P. Bazant and H. Ohtsubo},
  title = {Stability conditions for propagation of a system of cracks in brittle
	solid},
  journal = {Adv. Civil Engng},
  year = {1977},
}

@ARTICLE{TBlack:minim,
  author = {T. Belytschko and T. Black},
  title = {Elastic Crack Growth in Finite Elements with Minimal Remeshing},
  journal = IJNME,
  year = {1999},
  volume = {45},
  pages = {601--620},
  number = {5},
}

@ARTICLE{BelytschkoDyn03,
  author = {T. Belytschko and H. Chen and J. X. Xu and G. Zi},
  title = {Dynamic crack propagation based on loss of hyperbolicity and a new
	discontinuous enrichment},
  journal = {International Journal For Numerical Methods In Engineering},
  year = {2003},
  volume = {58},
  pages = {1873--1905},
  abstract = {ABSTRACT},
  entrydate = {2004/10/22},
}

@PROCEEDINGS{WCCM5Belytschko02,
  title = {Meshless methods and the extended finite element method : Recent
	developments},
  year = {2002},
  month = {7-12 July, Vienna, Austria},
  organization = {Proceeding of the Fifth World congress on Computational Mechanics},
  author = {T. Belytschko and J. Chessa and C. Parimi and N. Mo{\"e}s},
}

@ARTICLE{BelytschkoFish,
  author = {T. Belytschko and J. Fish and B.E. Englemann},
  title = {A finite element method with embedded localization zones},
  journal = CMAME,
  year = {1988},
  volume = {70},
  pages = {59--89},
}

@ARTICLE{Fleming:enrichment,
  author = {T. Belytschko and M. Fleming},
  title = {Smoothing, enrichment and contact in the element-free Galerkin method},
  journal = compstru,
  year = {1999},
  volume = {71},
  pages = {173--195},
  number = {2},
}

@BOOK{Belytschko:book01,
  title = {Nonlinear Finite Elements for Continua and Structures},
  publisher = {Wiley},
  year = {2000},
  author = {T. Belytschko and W.K. Liu and B. Moran},
}

@ARTICLE{TB:EFG,
  author = {T. Belytschko and Y.Y. Lu and L. Gu},
  title = {Element-free Galerkin methods},
  journal = IJNME,
  year = {1994},
  volume = {37},
  pages = {229--256},
}

@ARTICLE{Belytschko:circle,
  author = {T. Belytschko and N. Mo{\"e}s and S. Usui and C. Parimi},
  title = {Arbitrary discontinuities in finite elements},
  journal = IJNME,
  year = {2001},
  volume = {50},
  pages = {993-1013},
  url = {mypapers/ted.pdf},
}

@ARTICLE{BelytschkoOrganCohesive00,
  author = {T. Belytschko and D. Organ and C. Gerlach},
  title = {Element-free Galerkin methods for dynamic fracture in concrete},
  journal = CMAME,
  year = {2000},
  volume = {187},
  pages = {385--399},
}

@ARTICLE{Belytschko:sxfem,
  author = {T. Belytschko and C. Parimi and N. Mo{\"e}s and S. Usui and N. Sukumar},
  title = {Structured extended finite element methods of solids defined by implicit
	surfaces},
  journal = IJNME,
  year = {2003},
  volume = {56},
  pages = {609-635},
  url = {mypapers/xfem_structured.pdf},
}

@ARTICLE{BelytschkoJointed,
  author = {T. Belytschko and M. Plesha and C.H. Dowding},
  title = {A computer method for stability analysis of caverns in jointed rocks},
  journal = IJNME,
  year = {1984},
  volume = {8},
  optpages = {473--492},
}

@ARTICLE{TabbaraBelytschko96,
  author = {T. Belytschko and M.R. Tabbara},
  title = {Dynamic fracture using element-free Galerkin methods},
  journal = IJNME,
  year = {1996},
  volume = {39},
  pages = {923--938},
}

@ARTICLE{BelytschkoOpti03,
  author = {T. Belytschko and S. P. Xiao and C. Parimi},
  title = {Topology optimization with implicit functions and regularization},
  journal = {International Journal For Numerical Methods In Engineering},
  year = {2003},
  volume = {57},
  pages = {1177--1196},
  abstract = {ABSTRACT},
  entrydate = {2004/10/22},
}

@PROCEEDINGS{BelytschkoAcomen02,
  title = {Recent developments in meshless qnd extended finite element methods},
  year = {2002},
  month = {28-31 May},
  organization = {ACOMEn, Li?e, Belgium},
  author = {T. Belytschko and J.X. XU and J. Chessa and N. Mo? and A. Gravouil},
}

@ARTICLE{BelytschkoCoupledIntegration79,
  author = {T. Belytschko and H.J. Yen and R. Mullen},
  title = {Mixed methods for time integration},
  journal = CMAME,
  year = {1979},
  volume = {17},
  pages = {259--275},
}

@ARTICLE{Benzley:enrich,
  author = {S.E. Benzley},
  title = {Representation of singularities with isoparametric finite elements},
  journal = IJNME,
  year = {1974},
  volume = {8},
  pages = {537--545},
}

@ARTICLE{BendhiaArle,
  author = {H. Ben{\ D}hia},
  title = {Probl\`emes m\'ecaniques multi-\'echelles : la m\'ethode Arlequin.},
  journal = cras,
  year = {1998},
  volume = {326},
  pages = {899--904},
}

@ARTICLE{Bishop:comet,
  author = {T. Bishop},
  title = {Fatigue and the Comet disasters},
  journal = {Metal Progress},
  year = {1955},
  volume = {67},
  pages = {79--85},
}

@INPROCEEDINGS{Bittencourt92,
  author = {T.N. Bittencourt and A.R. Ingraffea and J. Llorca},
  title = {Simulation of arbitrary, cohesive crack propagation},
  booktitle = {Fracture mechanics of concrete structures},
  year = {1992},
  editor = {Z.P. Ba\v{z}ant},
  pages = {339--350},
  publisher = {Elsevier},
}

@ARTICLE{Blum69,
  author = {J.I. Blum},
  title = {Fracture arrest},
  journal = {Liebowitz},
  year = {1969},
  volume = {4},
  optpages = {1--64},
}

@ARTICLE{BoccaCohesive91,
  author = {P. Bocca and A. Carpinteri and S. Valente},
  title = {Mixed mode fracture of concrete},
  journal = {ijss},
  year = {1991},
  volume = {27},
  pages = {1139--1153},
}

@ARTICLE{Bolzon00,
  author = {G. Bolzon and A. Corigliano},
  title = {Finite elements with embedded displacement discontinuity: a generalized
	formulation},
  journal = IJNME,
  year = {2001},
  volume = {549},
  pages = {1227--1266},
  number = {10},
}

@BOOK{BonetNonlinBook,
  title = {Nonlinear continuum mechanics for finite element analysis},
  publisher = {Cambridge University Press},
  year = {1997},
  author = {J. Bonet and R. D. Wood},
}

@ARTICLE{deborst04,
  author = {R. De\ Borst and J. J. C. Remmers and A. Needleman and M. Abellan},
  title = {Discrete vs smeared crack models for concrete fracture: bridging
	the gap},
  journal = {International Journal For Numerical And Analytical Methods In Geomechanics},
  year = {2004},
  volume = {28},
  pages = {583--607},
  abstract = {ABSTRACT},
  entrydate = {2004/10/22},
}

@ARTICLE{Bowie:hole,
  author = {O.L. Bowie},
  title = {Analysis of an infinite plate containing radial cracks originating
	at the boundary of an infinite circular hole},
  journal = {Journal of Mathematical Physics},
  year = {1956},
  volume = {35},
  pages = {60-71},
}

@ARTICLE{BremaeckerFerris00,
  author = {J.-Cl. De Bremaecker and M.C. Ferris and D. Ralph},
  title = {Compressional fractures considered as contact problems and mixed
	complementarity problems},
  journal = EFM,
  year = {2000},
  volume = {66},
  pages = {287--303},
}

@BOOK{Brenner94a,
  title = {The mathematical theory of finite element methods},
  publisher = {Springer-{V}erlag},
  year = {1994},
  author = {S.C. Brenner and L.R. Scott},
}

@ARTICLE{Bruschke90,
  author = {M.V. Bruschke and S.G. Advani},
  title = {A Finite Element/Control Volume Approach to Mould Filling in Anisotropic
	Porous Media},
  journal = {Polymer Composites},
  year = {1990},
  volume = {11},
  pages = {398--405},
  abstract = {ABSTRACT},
  entrydate = {2005/03/14},
}

@ARTICLE{BudynMulti,
  author = {E. Budyn and G. Zi and N.Mo{\"e}s and T. Belytschko},
  title = {A model for multiple crack growth in brittle materials without remeshing},
  journal = IJNME,
  year = {2004},
  volume = {61},
  pages = {1741--1770},
  number = {10},
}

@BOOK{BuiBookRupture78,
  title = {La m\'ecanique de la rupture fragile},
  publisher = {Masson, Paris},
  year = {1978},
  author = {H.D. Bui},
}

@INBOOK{BuiInverse,
  title = {Inverse problems in the mechanics of materials},
  publisher = {CRC Press},
  year = {1994},
  author = {H. D. Bui},
}

@ARTICLE{BuiEhrlacher,
  author = {H. D. Bui and A. Ehrlacher and Q. S. Nguyen},
  title = {Propagation de fissure en thermo\'elasticit\'e dynamique},
  journal = jm,
  year = {1980},
  volume = {19},
  pages = {697--723},
  number = {4},
}

@BOOK{Byrd:elliptic_integral,
  title = {Handbook of Elliptic Integrals for Engineers \& Scientists},
  publisher = {Springer-Verlag},
  year = {1971},
  author = {Byrd, R. F. and M. D. Friedman},
  address = {Berlin},
}

@BOOK{Byrdelliptic,
  title = {Handbook of Elliptic Integrals for Engineers \& Scientists},
  publisher = {Springer-Verlag},
  year = {1971},
  author = {Byrd, R. F. and M. D. Friedman},
  address = {Berlin},
}

@ARTICLE{OrtizCamacho96,
  author = {G.T. Camacho and M. Ortiz},
  title = {Computational modelling of impact damage in brittle materials},
  journal = IJSS,
  year = {1996},
  volume = {33},
  pages = {2899--2938},
}

@ARTICLE{Carpinteri89,
  author = {A. Carpinteri},
  title = {Post-peak and post-bifurcation analysis of cohesive crack propagation},
  journal = EFM,
  year = {1989},
  volume = {32},
  pages = {265--278},
}

@ARTICLE{Carpinteri82,
  author = {A. Carpinteri},
  title = {Notch sensitivity in fracture testing of aggregative materials},
  journal = EFM,
  year = {1982},
  volume = {16},
  pages = {467--481},
}

@ARTICLE{CarpinteriColombo89,
  author = {A. Carpinteri and G. Colombo},
  title = {Numerical analysis of catastrophic softening behavior (snap-back
	instability)},
  journal = compstru,
  year = {1989},
  volume = {31},
  pages = {607--636},
}

@ARTICLE{Carpinteri93,
  author = {A. Carpinteri and S. Valente and G. Ferrara and G. Melchiorri},
  title = {Is mode {II} fracture energy a real material property?},
  journal = compstru,
  year = {1993},
  volume = {48},
  pages = {397--413},
}

@ARTICLE{CarterCrack2000,
  author = {B.J. Carter and P.A. Wawrzynek and A.R. Ingraffea},
  title = {Automated 3D crack growth simulation},
  journal = IJNME,
  year = {2000},
  volume = {47},
  pages = {229--253},
}

@ARTICLE{Cartraud04,
  author = {P. Cartraud and M. Cloirec and N. Mo{\"e}s},
  title = {Application de la m\'ehode X-FEM \`a la r\'esolution de probl\`emes
	de microm\'ecaniques},
  journal = REEF,
  year = {2004},
  volume = {13},
  pages = {475--484},
  url = {mypapers/giens-micro03.pdf},
}

@ARTICLE{CendonCohesive00,
  author = {D.A. Cend{\'o}n and J.C. G\`alvez and M. Elices and J. Planas},
  title = {Modeling the fracture of concrete under mixed loading},
  journal = IJF,
  year = {2000},
  volume = {103},
  pages = {293-310},
}

@ARTICLE{Dureisseix:mddm,
  author = {L. Champaney and J.Y. Cognard and D. Dureisseix and P. Ladev\`eze},
  title = {Large scale applications on parallel computers of a mixed domain
	decomposition method},
  journal = {Computational Mechanics},
  year = {1997},
  volume = {19},
  pages = {253--263},
}

@ARTICLE{chapelle93,
  author = {D. Chapelle and K. J. Bathe},
  title = {The inf-sup test},
  journal = {Computers and Structures},
  year = {1993},
  volume = {47},
  pages = {537--545},
  abstract = {We briefly review the inf-sup condition for the finite element solution
	of problems in incompressible elasticity, and then propose a numerical
	test on whether the inf-sup condition is passed. The evaluation of
	elements with this test is simple, and various results are presented.
	This inf-sup test will prove useful for many discretizations of constrained
	variational problems.},
  entrydate = {2004/09/20},
}

@ARTICLE{Charpentier95a,
  author = {I. Charpentier and Y. Maday},
  title = {Deux m\'ethodes de d\'ecomposition de domaines pour la r\'esolution
	d\'\'equations aux d\'eriv\'ees partielles avec des conditions de
	p\'eriodicit\'e : application \`a la th\'eorie de l'homog\'en\'eisation.},
  journal = crasun,
  year = {1995},
  pages = {359--366},
}

@ARTICLE{Chen:branching,
  author = {Y.Z. Chen and N. Hasebe},
  title = {New integration scheme for the branch crack problem},
  journal = EFM,
  year = {1995},
  volume = {52},
  pages = {791--801},
  number = {5},
}

@ARTICLE{ChessaPhase2002,
  author = {J. Chessa and P. Smolinski and T. Belytschko},
  title = {The extended finite element method (XFEM) for solidification problems},
  journal = IJNME,
  year = {2002},
  volume = {53},
  pages = {1959--1977},
}

@ARTICLE{Cheung:multi,
  author = {Y.K. Cheung and Y.H. Wang and C.W. Woo},
  title = {A general method for multiple crack problems in a finite plate},
  journal = {Computational Mechanics},
  year = {1992},
  volume = {10},
  pages = {335--343},
}

@ARTICLE{chopp03,
  author = {D. L. Chopp and N. Sukumar},
  title = {Fatigue crack propagation of multiple coplanar cracks with the coupled
	extended finite element/fast marching method},
  journal = {International Journal Of Engineering Science},
  year = {2003},
  volume = {41},
  pages = {845--869},
  abstract = {ABSTRACT},
  entrydate = {2004/10/22},
}

@ARTICLE{Chung01,
  author = {P.W Chung and K.K. Tamma and R.R. Namburu},
  title = {Asymptotic expansion homogenization for heterogeneous media: computational
	issues and applications},
  journal = {Composites: Part A},
  year = {2001},
  volume = {32},
  pages = {1291--1301},
}

@ARTICLE{Cools:cub,
  author = {R. Cools and D. Laurie and L. Pluym},
  title = {Cubpack++: A {C}++ package for automatic two-dimensional cubature},
  journal = {ACM Trans. Math. Software},
  year = {1997},
}

@ARTICLE{Cotterell65,
  author = {B. Cotterell},
  title = {On brittle fracture paths},
  journal = IJF,
  year = {1965},
  volume = {1},
  pages = {96--103},
}

@ARTICLE{CotterellRice,
  author = {B. Cotterell and J.R. Rice},
  title = {Slightly curved or kinked cracks},
  journal = IJF,
  year = {1980},
  volume = {16},
  pages = {155--169},
  number = {2},
}

@BOOK{Cruse:boundary,
  title = {Boundary element analysis in computational fracture mechanics},
  publisher = {Kluwer Academie},
  year = {1988},
  author = {T.A. Cruse},
  address = {Dordrecht},
}

@INPROCEEDINGS{Moes94a,
  author = {H. Nguyen-Dang and A.-M. Yan and N. Mo{\"e}s},
  title = {Dual boundary element analysis of the multiple-cracked body},
  booktitle = {Boundary element technology IX},
  year = {1994},
  editor = {C.A. Brebbia - A.S. Kassab Eds.},
  pages = {235--242},
}

@ARTICLE{Daux:holes,
  author = {C. Daux and N. Mo{\"e}s and J. Dolbow and N. Sukumar and T. Belytschko},
  title = {Arbitrary branched and intersecting cracks with the e{X}tended {F}inite
	{E}lement {M}ethod},
  journal = IJNME,
  year = {2000},
  volume = {48},
  pages = {1741-1760},
  url = {mypapers/daux.pdf},
}

@ARTICLE{UsineNouvelle02,
  author = {Laurence Demoulin},
  title = {La m\'ethode qui r\'esout le casse-t\^ete du maillage},
  journal = {L'Usine Nouvelle},
  year = {29 Ao{\^u}t 2002},
}

@ARTICLE{HildImpact2000,
  author = {C. Denoual and F. Hild},
  title = {A damage model for the dynamic fragmentation of brittle solids},
  journal = CMAME,
  year = {2000},
  volume = {183},
  pages = {247--258},
}

@ARTICLE{DestuynderDjaoua83,
  author = {P. Destuynder and M. Djaoua and S. Lescure},
  title = {Some remarks on elastic fracture mechanics (Quelques remarques sur
	la m\'ecanique de la rupture \'elastique)},
  journal = jmta,
  year = {1983},
  volume = {2},
  pages = {113-135},
  number = {1},
  abstract = {probably the first paper on converting J-contour into J-domain and
	using it for the finite element determination of the J value},
}

@ARTICLE{Dhondt1998,
  author = {G. Dhondt},
  title = {automatic 3-D mode I crack propagation calculations with finite elements},
  journal = IJNME,
  year = {1998},
  volume = {41},
  pages = {739--757},
  number = {4},
}

@ARTICLE{DiezMarino2000,
  author = {P. Diez and M. Arroyo and A. Huerta},
  title = {Adaptivity based on error estimation for viscoplastic softening materials},
  journal = {Mechanics of Cohesive-frictional Materials},
  year = {2000},
  volume = {5},
  pages = {87--112},
  number = {2},
}

@PHDTHESIS{Dolbow:thesis,
  author = {J. Dolbow},
  title = {An extended finite element method with discontinuous enrichment for
	applied mechanics},
  school = {Theoretical and applied mechanics, {N}orthwestern {U}niversity},
  year = {1999},
}

@ARTICLE{Dolbow:contact,
  author = {J. Dolbow and N. Mo{\"e}s and T. Belytschko},
  title = {An extended finite element method for modeling crack growth with
	frictional contact},
  journal = CMAME,
  year = {2001},
  volume = {190},
  pages = {6825--6846},
  url = {http://dx.doi.org/10.1016/S0045-7825(01)00260-2},
}

@ARTICLE{Dolbow:melosh,
  author = {J. Dolbow and N. Mo{\"e}s and T. Belytschko},
  title = {Discontinuous Enrichment in Finite Elements with a Partition of Unity
	Method},
  journal = FEAD,
  year = {2000},
  volume = {36},
  pages = {235--260},
  url = {http://dx.doi.org/10.1016/S0168-874X(00)00035-4},
}

@ARTICLE{Dolbow:plate2,
  author = {J. Dolbow and N. Mo{\"e}s and T. Belytschko},
  title = {Modeling fracture in {M}indlin-{R}eissner plates with the e{X}tended
	finite element method},
  journal = IJSS,
  year = {2000},
  volume = {37},
  pages = {7161-7183},
  url = {http://dx.doi.org/10.1016/S0020-7683(00)00194-3},
}

@ARTICLE{dolbow04,
  author = {J. E. Dolbow and A. Devan},
  title = {Enrichment of enhanced assumed strain approximations for representing
	strong discontinuities: addressing volumetric incompressibility and
	the discontinuous patch test},
  journal = {International Journal For Numerical Methods In Engineering},
  year = {2004},
  volume = {59},
  pages = {47--67},
  abstract = {ABSTRACT},
  entrydate = {2004/10/22},
}

@ARTICLE{Donning:hole,
  author = {B. Donning and W.K. Liu},
  title = {Meshless methods for shear-deformable beams and plates},
  journal = CMAME,
  year = {1998},
  volume = {41},
  pages = {1339--1362},
}

@ARTICLE{Duarte:EPM1,
  author = {C. A. Duarte and O. N. Hamzeh and T. J. Liszka and W. W Tworzydlo},
  title = {The element partition method for the simulation of three-dimensional
	dynamic crack propagation},
  journal = CMAME,
  year = {2000},
  note = {in press},
}

@ARTICLE{DuarteOdenCloud96,
  author = {C.A.M. Duarte and J.T. Oden},
  title = {An hp meshless method},
  journal = {Numerical methods for partial differential equations},
  year = {1996},
  volume = {12},
  pages = {673--705},
}

@ARTICLE{DugdaleCohesive60,
  author = {D.S. Dugdale},
  title = {Yielding of steel sheets containing slits},
  journal = jmps,
  year = {1960},
  volume = {8},
  pages = {100--108},
}

@PHDTHESIS{Dumontet90,
  author = {H. Dumontet},
  title = {Homog\'en\'eisation et effets de bords dans les mat\'eriaux composites},
  school = {Universit\'e Paris 6},
  year = {1990},
}

@BOOK{Duvaut72a,
  title = {Les in\'equations en m\'ecanique et en physique},
  publisher = {Dunod},
  year = {1972},
  author = {G. Duvaut and J.L. Lions},
}

@ARTICLE{Erdogan:grow,
  author = {F. Erdogan and G.C. Sih},
  title = {On the crack extension in plates under plane loading and transverse
	shear},
  journal = {Journal of Basic Engineering},
  year = {1963},
  volume = {85},
  pages = {519--527},
}

@ARTICLE{ErdoganSih,
  author = {G. Erdogan and G.C. Sih},
  title = {On the crack extension in plates under plane loading and transverse
	shear},
  journal = {ASME J. Basic Engng},
  year = {1963},
  volume = {85},
  pages = {519--527},
}

@BOOK{Ewalds:fracture,
  title = {Fracture Mechanics},
  publisher = {Edward Arnold},
  year = {1989},
  author = {H. Ewalds and R. Wanhill},
  address = {New York},
}

@PHDTHESIS{Fish:phd,
  author = {Jacob Fish},
  title = {Finite Element Method for Localization Analysis},
  school = {Northwestern University},
  year = {1989},
}

@ARTICLE{Fleming:enrichEFG,
  author = {M. Fleming and Y. A. Chu and B. Moran and T. Belytschko},
  title = {Enriched element-free {G}alerkin methods for crack tip fields},
  journal = IJNME,
  year = {1997},
  volume = {40},
  pages = {1483--1504},
  number = {8},
}

@ARTICLE{ForthKeat96,
  author = {S.C. Forth and W.D. Keat},
  title = {Three-dimensional nonplanar fracture model using the surface integral
	method},
  journal = IJF,
  year = {1996},
  volume = {77},
  pages = {243--262},
}

@ARTICLE{Fourment95a,
  author = {Fourment and L. and Chenot and, J.L.},
  title = {Error estimators for viscoplastic materials: application to forming
	processes},
  journal = IJNME,
  year = {1995},
  volume = {12},
  pages = {469--490},
  number = {5},
}

@BOOK{FreundBook,
  title = {Dynamic fracture mechanics},
  publisher = {Cambridge University Press},
  year = {1989},
  author = {L.B. Freund},
  series = {Cambridge monograph on mechanics and applied mathematics},
}

@ARTICLE{Freund72a,
  author = {L.B. Freund},
  title = {Crack propagation in an elastic solid subjected to general loading.
	I. Constant rate of extension},
  journal = {Journal of the mechanics and physics of solids},
  year = {1972},
  volume = {20},
  pages = {129--140},
}

@ARTICLE{Freund72c,
  author = {L.B. Freund},
  title = {Energy flux into the tip of an extending crack},
  journal = {Journal of elasticity},
  year = {1972},
  volume = {2},
  pages = {341--349},
}

@ARTICLE{Fu:hole,
  author = {D.-S. Fu and X. Zhang},
  title = {Analytical-variational method of solution for stress intensity factors
	about anisotropic and isotropic infinite plates with double cracks
	emanating from holes},
  journal = EFM,
  year = {1995},
  volume = {50},
  pages = {311--324},
}

@PHDTHESIS{Galoux96a,
  author = {T. Galoux},
  title = {Contr\^ole des calculs \'el\'ements finis en \'elastoplasticit\'e
	et en viscoplasticit\'e},
  school = {Institut Galil\'ee, Universit\'e Paris {XIII}},
  year = {1984},
  type = {Projet de fin d'\'etude d'ing\'enieur},
}

@BOOK{DesignPatterns,
  title = {Design Patterns : Elements of Reusable Object-Oriented Software},
  publisher = {Addison-Wesley Professional Computing},
  year = {1995},
  author = {Erich Gamma and Richard Helm and Ralph Johnson and John Vlissides
	and Grady Booch},
}

@ARTICLE{GaoChiu92,
  author = {H. Gao and C.-H. Chiu},
  title = {Slightly curved or kinked cracks in anisotropic elastic solids},
  journal = IJSS,
  year = {1992},
  volume = {29},
  pages = {947--972},
}

@INPROCEEDINGS{GarciaCohesive00,
  author = {V.O. Garcia and R. Gettu and I. Carol},
  title = {Numerical analysis of mixed mode fracture using interface elements},
  booktitle = {Proceedings of the European Congress on Computational Methods in
	Applied Sciences and Engineering (ECCOMAS2000), Barcelona, Spain},
  year = {2000},
}

@PHDTHESIS{GarikipatiThesis,
  author = {K. Garikipati},
  title = {On strong discontinuities in inelastic solids and their numerical
	simulation},
  school = {Stanford University},
  year = {1996},
}

@ARTICLE{Garikipati:discont,
  author = {K. Garikipati and T.J.R. Hughes},
  title = {Embedding a micromechanical law in the continuum formulation: a multiscale
	approach applied to discontinuous solutions},
  journal = IJCCSE,
  year = {2000},
  note = {To appear},
}

@BOOK{George91a,
  title = {G\'en\'eration automatique de maillage: Application aux m\'ethodes
	\'el\'ements finis},
  publisher = {Collection recherche en math\'ematiques appliqu\'ees, Masson, Paris},
  year = {1991},
  author = {P.L. George},
}

@PHDTHESIS{GerlachThesis,
  author = {C.A. Gerlach},
  title = {Computational methods for the dynamic response of cracked specimen},
  school = {Northwestern University},
  year = {1999},
}

@ARTICLE{Gerstle:BE3D,
  author = {Gerstle, W. H. and A. R. Ingraffea and R. Perucchio},
  title = {Three-Dimensional Fatigue Crack Propagation Analysis Using the Boundary
	Element Method},
  journal = {International Journal of Fatigue},
  year = {1988},
  volume = {10},
  pages = {187--192},
  number = {3},
}

@ARTICLE{Gerstle:FE-BE2D3D,
  author = {Gerstle, W. H. and L. Martha and A. R. Ingraffea},
  title = {Finite and Boundary Element Modeling of Crack Propagation in Two-
	and Three-Dimensions},
  journal = {Engineering with Computers},
  year = {1987},
  volume = {2},
  pages = {167--183},
}

@ARTICLE{GoldsteinPLS,
  author = {R.V. Goldstein and R.L. Salganik},
  title = {Brittle fracture of solids with arbitrary cracks},
  journal = IJF,
  year = {1974},
  volume = {10},
  pages = {507--},
}

@ARTICLE{Gosz98,
  author = {M. Gosz and J. Dolbow and B. Moran},
  title = {Domain integral formulation for stress intensity factor computation
	along curved three-dimensional interface cracks},
  journal = IJSS,
  year = {1998},
  volume = {35},
  pages = {1763--1783},
}

@ARTICLE{GoszMoran2001,
  author = {M. Gosz and B. Moran},
  title = {An interaction energy integral method for the computation of mixed-mode
	stress intensity factors along non-planar crack fronts in three dimensions},
  journal = EFM,
  year = {2001},
  note = {To appear},
}

@MANUAL{EDFJtmermique,
  title = {Taux de restitution de l'\'energie en thermo-\'elasticit\'e lin\'eaire},
  author = {S. Granet and O. Boiteau and E. Visse},
  organization = {Manuel Code Aster, Document R7.02.01},
  address = {EDF},
  year = {2002},
}

@ARTICLE{Moes3DGrowthII,
  author = {A. Gravouil and N. Mo{\"e}s and T. Belytschko},
  title = {Non-planar 3D crack growth by the extended finite element and level
	sets. Part {II}: level set update},
  journal = IJNME,
  year = {2002},
  volume = {53},
  pages = {2569-2586},
  url = {mypapers/gravouil2.pdf},
}

@INCOLLECTION{Griffith:glass,
  author = {A.A. Griffith},
  title = {The theory of rupture},
  booktitle = {First International Congress for Applied Mechanics},
  publisher = {Delft},
  year = {1924},
  pages = {55-63},
}

@ARTICLE{Griffith21,
  author = {A.A. Griffith},
  title = {The phenomena of rupture and flow in solids},
  journal = {Philosophical transactions of the {R}oyal {S}ociety of {L}ondon},
  year = {1921},
  volume = {A221},
  pages = {163--198},
}

@BOOK{Grisvard:ellip,
  title = {Elliptic Problems in Nonsmooth Domains},
  publisher = {Pitman Publishing, Inc},
  year = {1985},
  author = {Grisvard, P.},
  address = {Boston},
}

@BOOK{Gropp94a,
  title = {Using MPI. Portable parallel programming with the message-passing
	interface},
  publisher = {The {MIT} press, Cambridge},
  year = {1994},
  author = {W. Gropp and E. Lusk and A. Skjellum},
}

@INPROCEEDINGS{GrossDynamics,
  author = {D. Gross},
  title = {Recent results in the dynamics of stationary anf running cracks},
  booktitle = {Modeling of damage and fracture processes in engineering materials},
  year = {1999},
  editor = {M. Batista and W.K. Nowacki},
  pages = {1--56},
  publisher = {INB Zturek},
}

@ARTICLE{Guetari2005,
  author = {Y. Guetari and S. Le Corre and N. Mo{\"e}s},
  title = {Etude des possibilit\'?s de la m\'ethode X-FEM pour la simulation
	num\'erique de la coupe},
  journal = {M\'ecanique et Industries},
  year = {2005},
  volume = {6},
  pages = {315--319},
  url = {mypapers/yosra-2005.pdf},
}

@ARTICLE{DoddsDuctile00,
  author = {A.S. Gullerud and X. Gao and R.H. Dodds and R. Haj-Ali},
  title = {Simulation of ductile crack growth using computational cells: numerical
	aspects},
  journal = EFM,
  year = {2000},
  volume = {66},
  pages = {65--92},
}

@INPROCEEDINGS{Jin89a,
  author = {H.Jin and L. Bernspang and R. Larsson and N.E. Wiberg},
  title = {Mesh generation and mesh refinement procedures for computational
	plasticity},
  booktitle = {Proc. Int. Conf. Comp. Plas., Barcelona 90},
  year = {1990},
}

@ARTICLE{Halphen75a,
  author = {B. Halphen and Q.S. Nguyen},
  title = {Sur les mat\'eriaux standards g\'en\'eralis\'es},
  journal = jm,
  year = {1975},
  volume = {14},
  pages = {39--63},
}

@ARTICLE{hansbo04,
  author = {A. Hansbo and P. Hansbo},
  title = {A finite element method for the simulation of strong and weak discontinuities
	in solid mechanics},
  journal = {Computer Methods In Applied Mechanics And Engineering},
  year = {2004},
  volume = {193},
  pages = {3523--3540},
  abstract = {ABSTRACT},
  entrydate = {2004/09/28},
}

@ARTICLE{hansbo02,
  author = {A. Hansbo and P. Hansbo},
  title = {An unfitted finite element method, based on {Nitsche's} method, for
	elliptic interface problems},
  journal = {Computer Methods In Appl. Mechanics Engineering},
  year = {2002},
  volume = {191},
  pages = {5537--5552},
  abstract = {In this paper we propose a method for the finite element solution
	of elliptic interface problem, using an approach due to Nitsche.
	The method allows for discontinuities, internal to the elements,
	in the approximation across the interface. We show that optimal order
	of convergence holds without restrictions on the location of the
	interface relative to the mesh. Further, we derive a posteriori error
	estimates, for the purpose of controlling functionals of the error
	and present some numerical examples. (C) 2002 Elsevier Science B.V.
	All rights reserved.},
  entrydate = {2004/09/20},
}

@ARTICLE{HHTDynamics77,
  author = {H.M. Hilber and T.J.R. Hughes and R.L. Taylor},
  title = {Improved numerical dissipation for time integration algorithms},
  journal = eesd,
  year = {1977},
  volume = {5},
  pages = {283--292},
}

@ARTICLE{HillerborgCohesive76,
  author = {A. Hillerborg and M. Mod\'eer and P.E. Petersson},
  title = {Analysis of crack formation and crack growth in concrete by means
	of fracture mechanics and finite elements},
  journal = {Cement and Concrete Research},
  year = {1976},
  volume = {6},
  pages = {163--168},
  number = {6},
}

@ARTICLE{Hu:hole,
  author = {K.X. Hu and A. Chandra and Y. Huang},
  title = {Multiple void-crack interaction},
  journal = IJSS,
  year = {1993},
  volume = {30},
  pages = {1473--1489},
  number = {11},
}

@ARTICLE{ZhengTricote,
  author = {Zheng Ming Huang and S. Ramakrishna},
  title = {Micromechanical modeling approaches for the stiffness and strength
	of knitted fabric composites: a review and comparative study},
  journal = {Composites: Part A},
  year = {2000},
  volume = {31},
  pages = {479--501},
}

@ARTICLE{HuertaDiez,
  author = {A. Huerta and P. Diez},
  title = {Error estimation including pollution assessment for nonlinear finite
	element analysis},
  journal = CMAME,
  year = {2000},
  volume = {181},
  pages = {21--41},
}

@ARTICLE{Hui:plateTheory,
  author = {C.Y. Hui and T. Zehnder},
  title = {A theory for the fracture of thin plates subjected to bending and
	twisting moments},
  journal = IJF,
  year = {1993},
  volume = {61},
  pages = {211--229},
}

@ARTICLE{IchikawaTanaka,
  author = {M. Ichikawa and S. Tanaka},
  title = {A critical analysis of the relationship between the energy release
	rate and the stress intensity fractors for non-coplanar crack extension
	under combined mode loading},
  journal = IJF,
  year = {1982},
  volume = {18},
  pages = {19--28},
  number = {1},
}

@ARTICLE{IngraffeaCohesive84,
  author = {A.R. Ingraffea and W. Gerstle and P. Gergely and V. Saouma},
  title = {Fracture mechanics in bond reinforced concrete},
  journal = {J. Structural Division {ASCE}},
  year = {1984},
  volume = {110},
  pages = {871--890},
  number = {4},
}

@ARTICLE{Ingraffea:rock,
  author = {A. R. Ingraffea and F. E. Heuze},
  title = {Finite element models for rock fracture mechanics},
  journal = {International Journal for numerical and analytical methods in geomechanics},
  year = {1980},
  volume = {4},
  pages = {25--43},
}

@INCOLLECTION{Irwin:G,
  author = {G.R. Irwin},
  title = {Fracture dynamics},
  booktitle = {Fracturing of Metals},
  publisher = {American Society of Metals},
  year = {1948},
  pages = {147--166},
}

@ARTICLE{Irwin:penny,
  author = {Irwin, G. R.},
  title = {The crack extension force for a part-through crack in a plate},
  journal = {ASME, Journal of Applied Mechanics},
  year = {1962},
  volume = {29},
  pages = {651--654},
}

@ARTICLE{Isida:hole1,
  author = {M. Isida and D.H. Chen and H. Nisitani},
  title = {Plane problems of an arbitrary array of cracks emanating from the
	edge of an elliptical hole},
  journal = EFM,
  year = {1985},
  volume = {21},
  pages = {983--995},
  number = {5},
}

@ARTICLE{Isida:hole2,
  author = {M. Isida and S. Nemat-Nasser},
  title = {A unified analysis of various problems relating to circular holes
	with edge cracks},
  journal = EFM,
  year = {1987},
  volume = {27},
  pages = {571--591},
  number = {5},
}

@BOOK{Dennis96a,
  title = {Numerical methods for unconstrained optimization and nonlinear equations},
  publisher = {Prentice-{H}all},
  year = {1996},
  author = {J.E. Dennis, Jr. and R.B. Schnabel},
}

@ARTICLE{DolbowPhase2002,
  author = {H. Ji and D. Chopp and J. E. Dolbow},
  title = {A hybrid extended finite element/level set method for modeling phase
	transformations},
  journal = {International Journal For Numerical Methods In Engineering},
  year = {2002},
  volume = {54},
  pages = {1209--1233},
  abstract = {ABSTRACT},
  entrydate = {2004/10/25},
}

@ARTICLE{JiDolbow04,
  author = {H. Ji and J.E. Dolbow},
  title = {On strategies for enforcing interfacial constraints and evaluating
	jump conditions with the extended finite element method},
  journal = IJNME,
  year = {2004},
  volume = {61},
  pages = {2508--2535},
}

@ARTICLE{JirasekDiscont00,
  author = {M. Jir\`asek},
  title = {Comparative study on finite elements with embedded discontinuities},
  journal = CMAME,
  year = {2000},
  volume = {188},
  pages = {307--330},
  number = {1},
}

@ARTICLE{Jirasek01,
  author = {T. Jirasek and T. Zimmermann},
  title = {Embedded crack model: Part I basic formulation},
  journal = IJNME,
  year = {2001},
  volume = {50},
  pages = {1269--1290},
  number = {6},
}

@ARTICLE{Jirousek96a,
  author = {J. Jirousek and A. Wr{\'o}blewski},
  title = {T-elements: state of the art and future trends},
  journal = {Archives of computational methods in engineering},
  year = {1996},
  volume = {3},
  pages = {323--434},
  number = {4},
}

@ARTICLE{Joesph:thinReissner,
  author = {P.F. Joseph and F. Erdogan},
  title = {Bending of a thin Reissner Plate with a Through Crack},
  journal = {Journal of Applied Mechanics},
  year = {1991},
  volume = {58},
  pages = {842--846},
}

@INPROCEEDINGS{KalthoffWinkler87,
  author = {J.F. Kalthoff and S. Winkler},
  title = {Failure mode transition at high rates of shear loading},
  booktitle = {International conference on impact loading and dynamic behavior of
	materials},
  year = {1987},
  editor = {C.Y. Chiem and H.D. Kunze and L.W. Meyer},
  pages = {185--195},
}

@BOOK{KanninenPopelar85,
  title = {Advanced fracture mechanics},
  publisher = {Oxford University Press},
  year = {1985},
  author = {M.F. Kanninen and C.H. Popelar},
  volume = {Oxford Engineering Science Series},
}

@ARTICLE{KassirSih66,
  author = {M.K. Kassir and G.C. Sih},
  title = {Three-dimensional stress distribution around an elliptical crack
	under arbitrary loadings},
  journal = JAM,
  year = {1966},
  volume = {33},
  pages = {601--611},
}

@PHDTHESIS{KeegstraThesis,
  author = {P.N.R. Keegstra},
  school = {University of London, Imperial College},
  year = {1977},
}

@ARTICLE{Keer:inclusion,
  author = {Keer and L. and Dundurs and J and Kitattikomol},
  title = {Separation of a smooth circular inclusion from Matrix},
  journal = {International Journal of Engineering Science},
  year = {1973},
  volume = {11},
  pages = {1221--1233},
}

@BOOK{Kelley95a,
  title = {A book on C},
  publisher = {Benjamin Cummings},
  year = {1995},
  author = {A. Kelley and I. Pohl},
}

@ARTICLE{Kitagawa:branching,
  author = {H. Kitagawa and R. Yuuki},
  title = {Stress intensity factors for branched cracks in a two-dimensional
	stress state},
  journal = {Trans. Japan Soc. Mech. Engng},
  year = {1975},
  volume = {41},
  pages = {1641--1649},
}

@INPROCEEDINGS{KleinCohesive2000,
  author = {P.A. Klein and S.A. Wimmer and J.W. Foulk and E.P. Chen},
  title = {Numerical artifacts in cohesive fracture simulation},
  organization = {ICES2K, International Conference on Computational Engineering and
	Sciences},
  note = {August 2000, Los Angeles, U.S.A.},
}

@ARTICLE{Knowles:plate,
  author = {J.K. Knowles and N.M. Wang},
  title = {On the bending of an elastic plate containing a crack},
  journal = {J. Math. Phys.},
  year = {1960},
  volume = {39},
  pages = {223--236},
  number = {4},
}

@ARTICLE{KobayashiDynamics76,
  author = {A.S. Kobayashi and A.F. Emery and S. Mall},
  title = {Dynamic finite element and dynamic photoelastic analyses of two fracturing
	homalite-100 plates.},
  journal = {Experimental mechanics},
  year = {1976},
  volume = {16},
  pages = {321--328},
}

@BOOK{Kokilashvili91a,
  title = {Weighted inequalities in lorentz and Orlicz spaces},
  publisher = {World scientific},
  year = {1991},
  author = {V. Kokilashvili and M. Krbec},
}

@BOOK{Krasnoselsky62a,
  title = {Convex functions and {O}rlicz spaces},
  publisher = {Hindustan publishing corpn. ({I}ndia)},
  year = {1962},
  author = {M. A. Krasnoselsky and Y. B. Rutitsky},
}

@ARTICLE{Krongauz:jump,
  author = {Krongauz, Y. and T. Belytschko},
  title = {{EFG} approximation with discontinuous derivatives},
  journal = {International Journal for Numerical Methods in Engineering},
  year = {1998},
  volume = {41},
  pages = {1215--1233},
  number = {7},
}

@ARTICLE{Krysl:3D,
  author = {P. Krysl and T. Belytschko},
  title = {Element free {G}alerkin method for dynamic propagation of arbitrary
	3-D cracks},
  journal = IJNME,
  year = {1999},
  volume = {44},
  pages = {767--800},
  number = {6},
}

@ARTICLE{Akin89a,
  author = {Y. W. Kwon and J. E. Akin},
  title = {Development of a derivative singular element for application to crack
	propagation problems},
  journal = compstru,
  year = {1989},
  volume = {31},
  pages = {467--471},
  number = {3},
}

@ARTICLE{Labbe95a,
  author = {P. Labb\'e and A. Garon},
  title = {A robust implementation of {Zienkiewicz} and {Zhu's} local patch
	recovery method},
  journal = canm,
  year = {1995},
  volume = {11},
  pages = {427--434},
}

@INPROCEEDINGS{LadevezeRetard,
  author = {P. Ladev\`eze},
  title = {About a damage mechanics approach},
  booktitle = {Mechanics and mechanisms of damage in composites and multimaterials
	({ESIS} 11)},
  year = {1991},
  editor = {D. Baptiste},
  pages = {119--142},
  publisher = {MEP, London},
}

@BOOK{Ladeveze:ncsm,
  title = {Nonlinear Computational Structural Mechanics},
  publisher = {Springer-Verlag},
  year = {1998},
  author = {Ladev\`eze, P.},
  address = {New York},
}

@ARTICLE{LadevezeRougeot97,
  author = {P. Ladev\`eze and P. Rougeot},
  title = {New advances on a posteriori error on constitutive relation in f.e.
	analysis},
  journal = CMAME,
  year = {1997},
  volume = {150},
  pages = {239--249},
}

@ARTICLE{Lai:hole,
  author = {J. Lai and J. Shijve},
  title = {The stress intensity factor and stress concentration for a finite
	plate with a single crack emanating from a hole},
  journal = EFM,
  year = {1990},
  volume = {36},
  pages = {619--630},
}

@ARTICLE{Lam:interaction,
  author = {K.Y. Lam and P.P. Ong and N. Wude},
  title = {Interaction between a circular inclusion and a symmetrically branched
	crack},
  journal = TAFM,
  year = {1998},
  volume = {28},
  pages = {197--211},
}

@ARTICLE{LeblondMixedI01,
  author = {V. Lazarus and J.-B. Leblond and S.-E. Mouchrif},
  title = {Crack front rotation and segmentation in mixed mode I+III - Part
	I: Calculation of stress intensity factors},
  journal = jmps,
  year = {2001},
  volume = {49},
  pages = {1399--1420},
  number = {7},
}

@ARTICLE{LeblondMixedII01,
  author = {V. Lazarus and J.-B. Leblond and S.-E. Mouchrif},
  title = {Crack front rotation and segmentation in mixed mode I+III - Part
	II: Comparison with experiments},
  journal = jmps,
  year = {2001},
  volume = {49},
  pages = {1421--1443},
  number = {7},
}

@ARTICLE{LeblondSIF,
  author = {J.B. Leblond},
  title = {Crack paths in plane situation-{I}. General form of the expansion
	of the stress intensity factors},
  journal = IJSS,
  year = {1989},
  volume = {25},
  pages = {1311--1325},
  number = {11},
}

@ARTICLE{LegrainIncomp,
  author = {G. Legrain and N. Mo{\"e}s and A. Huerta},
  title = {Stability of incompressible formulations enriched with {X}-{FEM}},
  journal = CMAME,
  note = {submitted},
}

@ARTICLE{Legrain05,
  author = {G. Legrain and N. Mo{\"e}s and E. Verron},
  title = {Stress analysis around crack tips in finite strain problems using
	the eXtended finite element method},
  journal = IJNME,
  year = {2005},
  note = {63:290-314},
  url = {mypapers/legrain1.pdf},
}

@ARTICLE{LiszkaDuarteCloud96,
  author = {T.J. Liszka and C.A.M. Duarte and W.W. Tworzydlo},
  title = {hp-{M}eshless cloud method},
  journal = CMAME,
  year = {1996},
  volume = {139},
  pages = {263--288},
}

@ARTICLE{Liu:branching,
  author = {N. Liu and N.J. Altiero},
  title = {Multiple cracks and branch cracks in finite plane bodies},
  journal = {Mechanics Research Communications},
  year = {1991},
  volume = {18},
  pages = {233--244},
  number = {5},
}

@ARTICLE{Liu:RKPM93,
  author = {W.K. Liu and J. Adee and S. Jun and T. Belytschko},
  title = {Reproducing Kernel Particle Methods for elastic and plastic problems},
  journal = {Am Soc Mech Eng Appl Mech Div AMD},
  year = {1993},
  volume = {180},
  pages = {175--189},
}

@ARTICLE{Liu:RKPM,
  author = {W. Liu and S.Jun and Y.Zhang},
  title = {Reproducing kernel particle methods},
  journal = {International Journal for Numerical Methods in Fluids},
  year = {1995},
  volume = {20},
  pages = {1081--1106},
}

@ARTICLE{Lo:dislocation,
  author = {K. K. Lo},
  title = {Analysis of branched cracks},
  journal = {Journal of Applied Mechanics},
  year = {1978},
  volume = {45},
  pages = {797--802},
}

@ARTICLE{LotfiShing95,
  author = {H.R. Lofti and P.B. Shing},
  title = {Embedded representation of fracture in concrete with mixed finite
	element},
  journal = IJNME,
  year = {1995},
  volume = {38},
  pages = {1307--1325},
}

@BOOK{Poggu92a,
  title = {Mod\'elisation et r\'esolution d'\'equations de la m\'ecanique des
	milieux continus},
  publisher = {Ellipse},
  year = {1992},
  author = {Poggu M. and Tournemine G.},
}

@ARTICLE{FernandezHuerta,
  author = {S. Fern\`andez-M\'endez and A. Huerta},
  title = {Imposing essential boundary conditions in mesh-free methods},
  journal = CMAME,
  year = {2004},
  volume = {193},
  pages = {1257--1275},
}

@ARTICLE{Martha-solidmodeling:1993,
  author = {Martha, L. F. and P. A. Wawrzynek and A. R. Ingraffea},
  title = {Arbitrary crack representation using solid modeling},
  journal = {Engineering with Computers},
  year = {1993},
  volume = {9},
  pages = {63--82},
}

@ARTICLE{LensCrack78,
  author = {M.A. Martynenko and A.F. Ulitko},
  title = {Stress state near the vertex of a spherical notch in an unbounded
	elastic medium},
  journal = {Soviet applied mechanics},
  year = {1978},
  volume = {14},
  pages = {15--23},
  number = {2},
}

@ARTICLE{Mazars:damtofra1,
  author = {J. Mazars},
  title = {A description of micro- and macroscale damage of concrete structures},
  journal = EFM,
  year = {1986},
  optnumber = {5/6},
  optpages = {729--737},
  optvolume = {25},
}

@ARTICLE{Mazars:damtofra2,
  author = {J. Mazars and G. Pijaudier-Cabot},
  title = {From damage to fracture and conversely: a combined approach},
  journal = IJSS,
  year = {1996},
  volume = {33},
  pages = {3327--3342},
  number = {20--22},
}

@ARTICLE{Babuska:PUFEM,
  author = {J.M. Melenk and I. Babu\v{s}ka},
  title = {The Partition of Unity Finite Element Method: Basic theory and applications},
  journal = CMAME,
  year = {1996},
  volume = {39},
  pages = {289-314},
}

@ARTICLE{Merle2002,
  author = {R. Merle and J. Dolbow},
  title = {Solving thermal and phase change problems with the eXtended finite
	element method},
  journal = CMAME,
  year = {2002},
  volume = {28},
  pages = {339--350},
  number = {5},
}

@INBOOK{MichelHomog01,
  chapter = {Composites \`a microstructure p\'eriodique},
  pages = {57--94},
  title = {Homog\'en\'eisation en m\'ecanique des mat\'eriaux 1},
  publisher = {Hermes Science},
  year = {2001},
  author = {J.C. Michel and H. Moulinec and P. Suquet},
}

@ARTICLE{Michel99,
  author = {J. Michel and H. Moulinec and P. Suquet},
  title = {Effective properties of composite materials with periodic microstruture
	: a computational approach},
  journal = CMAME,
  year = {1999},
  volume = {172},
  pages = {109--143},
}

@BOOK{Mikhlin71a,
  title = {The numerical performance of variational methods},
  publisher = {Groningen},
  year = {1971},
  author = {S.G. Mikhlin},
}

@ARTICLE{Moran:domainint,
  author = {B. Moran and C.F. Shih},
  title = {Crack tip and associated domain integrals from momentum and energy
	balance},
  journal = eFM,
  year = {1987},
  volume = {127},
  pages = {615--642},
}

@ARTICLE{MoranShih87,
  author = {B. Moran and C.F. Shih},
  title = {A general treatment of crack tip contour integrals},
  journal = IJF,
  year = {1987},
  volume = {35},
  pages = {295--310},
}

@ARTICLE{Moreau77a,
  author = {J.J. Moreau},
  title = {Evolution problem associated with a moving convex set in a {H}ilbert
	space},
  journal = jde,
  year = {1977},
  volume = {26},
  pages = {347--374},
}

@ARTICLE{MoreauSousdiff70,
  author = {J.J. Moreau},
  title = {Sur les lois de frottement, de plasticit\'e et de viscosit\'e},
  journal = crasa,
  year = {1970},
  volume = {271},
  pages = {608--611},
}

@INBOOK{MoesXfemHermes06,
  chapter = {Mod\'elisations de discontinuit\'es arbitraires avec {X-FEM}},
  pages = {177--218},
  title = {La m\'ethode des \'el\'ements finis : extensions et alternatives},
  publisher = {Hermes Science},
  year = {2006},
  author = {N. Mo{\"e}s},
}

@ARTICLE{MoesDiri,
  author = {N. Mo{\"e}s and E. B\'echet and M. Tourbier},
  title = {Imposing essential boundary conditions in the eXtended Finite Element
	Method},
  journal = IJNME,
  note = {In press},
}

@ARTICLE{MoesCohesive,
  author = {N. Mo{\"e}s and T. Belytschko},
  title = {Extended Finite Element Method for Cohesive Crack Growth},
  journal = EFM,
  year = {2002},
  volume = {69},
  pages = {813--834},
  url = {http://dx.doi.org/10.1016/S0013-7944(01)00128-X},
}

@ARTICLE{MoesGiens01,
  author = {N. Mo{\"e}s and T. Belytschko},
  title = {X-FEM : De nouvelles fronti\`eres pour les \'el\'ements finis},
  journal = reef,
  year = {2002},
  volume = {11},
  pages = {305--318},
  url = {mypapers/giens01.pdf},
}

@ARTICLE{MoesCloirec02,
  author = {N. Mo{\"e}s and M. Cloirec and P. Cartraud and J.-F. Remacle},
  title = {A computational approach to handle complex microstructure geometries},
  journal = CMAME,
  year = {2003},
  volume = {192},
  pages = {3163--3177},
  url = {http://dx.doi.org/doi:10.1016/S0045-7825(03)00346-3},
}

@ARTICLE{Moes:discont,
  author = {N. Mo{\"e}s and J. Dolbow and T. Belytschko},
  title = {A finite element method for crack growth without remeshing},
  journal = IJNME,
  year = {1999},
  volume = {46},
  pages = {131--150},
  url = {mypapers/discont.pdf},
}

@ARTICLE{Moes3DGrowthI,
  author = {N. Mo{\"e}s and A. Gravouil and T. Belytschko},
  title = {Non-planar 3{D} crack growth by the extended finite element and level
	sets. Part I: Mechanical model},
  journal = IJNME,
  year = {2002},
  volume = {53},
  pages = {2549-2568},
  url = {mypapers/gravouil1.pdf},
}

@PROCEEDINGS{WCCM5Moes02,
  title = {Extended finite element and level sets method for non-planar 3D crack
	growth},
  year = {2002},
  month = {7-12 July, Vienna, Austria},
  organization = {Proceeding of the Fifth World congress on Computational Mechanics},
  author = {N. Mo{\"e}s and A. Gravouil and T. Belytschko},
}

@TECHREPORT{MoesTICAM97,
  author = {N. Mo{\"e}s and J.T. Oden and T.I. Zohdi},
  title = {Investigation of the interactions Between the Numerical and the Modeling
	Errors in the Homogenized Dirichlet Projection Method},
  institution = {TICAM},
  year = {1997},
  number = {97-13},
  address = {University of Texas at Austin},
}

@PHDTHESIS{Moes93a,
  author = {N. Mo{\"e}s and D. Ryckelynck},
  title = {Estimation des erreurs de discr\'etisation pour les calculs non lin\'eaires},
  school = {ens},
  year = {1993},
  type = {M\'emoire de {DEA}},
}

@MANUAL{xfem,
  title = {The \texttt{xfem} code: a C++ tool for research in finite elements},
  author = {N. Mo{\"}es},
  organization = {Northwestern University},
  year = {1999},
  note = {Technical Report},
}

@PROCEEDINGS{BelytschkoStuttgart02,
  title = {The extended finite element and level set methods for non-planar
	3D crack growth},
  year = {2001},
  month = {20-24 August, Stuttgart, Germany},
  organization = {Proceeding of the IUTAM Conference, Symposium on Computational Mechanics},
  author = {N. Mo{\"}es and Gravouil and T. Belytschko},
}

@BOOK{Murakami:SIF,
  title = {Stress intensity factors handbook},
  publisher = {Pergamon},
  year = {1986},
  author = {Y. Murakami},
  address = {Oxford, England},
}

@INPROCEEDINGS{Murakami80,
  author = {Y. Murakami},
  title = {Prediction of crack propagation path (numerical analyses and experiments)},
  booktitle = {Proc. Int. Conf. on Analytical and Experimental Fracture Mechanics,
	Rome},
  year = {1980},
  pages = {871--},
}

@BOOK{MuskhelishviliBook,
  title = {Some basic problems in the mathematical theory of elasticity},
  publisher = {Noordhoff},
  year = {1952},
  author = {N.I. Muskhelishvili},
}

@ARTICLE{NahtaMoran93,
  author = {R. Nahta and B. Moran},
  title = {Domain integrals for axisymmetric interface crack problems},
  journal = IJSS,
  year = {1993},
  volume = {30},
  pages = {2027--2040},
  number = {15},
}

@ARTICLE{Nakamura91,
  author = {T. Nakamura},
  title = {Three-dimensional stress fields of elastic interface cracks},
  journal = JAP,
  year = {1991},
  volume = {58},
  pages = {939--946},
}

@ARTICLE{NakamuraParks89,
  author = {T. Nakamura and D.M. Parks},
  title = {Antisymmetrical 3-D stress field near the crack front of a thin elastic
	plate},
  journal = IJSS,
  year = {1989},
  volume = {25},
  pages = {1411--1426},
  number = {12},
}

@ARTICLE{NakamuraJint,
  author = {T. Nakamura and C.F. Shih and L.B. Freund},
  title = {Computational methods based on an energy integral in dynamic fracture},
  journal = IJF,
  year = {1985},
  volume = {27},
  pages = {229--243},
}

@ARTICLE{Nasser:compr,
  author = {S. Nemat-Nasser and H. Horii},
  title = {Compression-induced nonplanar crack extension with application to
	splitting, exfoliation and rockburst},
  journal = {Journal of Geophysical Research},
  year = {1982},
  volume = {87},
  pages = {6805--6821},
  number = {B8},
}

@ARTICLE{NasserSumiKeer80,
  author = {S. Nemat-Nasser and Y. Sumi and L.M. Keer},
  title = {Unstable growth of tensile crack in brittle solid},
  journal = IJSS,
  year = {1980},
  volume = {16},
  pages = {1017--1035},
}

@ARTICLE{Touzot:diffus,
  author = {B. Nayroles and G. Touzot and P. Villon},
  title = {Generalizing the finite element method: Diffuse approximation and
	diffuse elements},
  journal = compstru,
  year = {1992},
  volume = {10},
  pages = {307--318},
  number = {5},
}

@ARTICLE{Cavalcante2001,
  author = {J.B Cavalcante Neto and P.A. Wawrzynek and M.T.M. Carvalho and L.F.
	Martha and A.R. Ingraffea},
  title = {An algorithm for three-dimensional mesh generation for arbitrary
	regions with cracks},
  journal = {Engineering with Computers},
  year = {2001},
  volume = {17},
  pages = {75--91},
  number = {2001},
}

@TECHREPORT{Newman:hole,
  author = {J.C. Newman},
  title = {An improved method of collocation for the stress analysis of cracked
	plates with various shaped boundaries},
  institution = {NASA},
  year = {1971},
  number = {TN D-6376},
}

@ARTICLE{NguyenCrack79,
  author = {Q.S. Nguyen},
  title = {Une description thermodynamique du probl\`eme de fissure mobile},
  journal = cras,
  year = {1979},
  volume = {288},
  pages = {201--204},
}

@ARTICLE{Nguyen77a,
  author = {Q.S. Nguyen},
  title = {On the elastic plastic initial-boundary value problem and its numerical
	integration},
  journal = IJNME,
  year = {1977},
  volume = {11},
  pages = {817--832},
}

@PHDTHESIS{Nguyen73a,
  author = {Q.S. Nguyen},
  title = {Contribution \`a la th\'eorie macroscopique de l'\'elastoplasticit\'e
	avec \'ecrouissage},
  school = {Th{\`ese} de Doctorat d'\'etat de l'Universit\'e de Paris VI},
  year = {1973},
}

@ARTICLE{NguyenHalphen73,
  author = {Q.S. Nguyen and B. Halphen},
  title = {Sur les lois de comportement \'elastoviscoplastiques \`a potentiel
	g\'en\'eralis\'e},
  journal = crasa,
  year = {1973},
  volume = {277},
  pages = {319--322},
}

@ARTICLE{NguyenPradeillesStolz89,
  author = {Q.S. Nguyen and R.M. Pradeilles and C. Stolz},
  title = {Sur une loi de propagation r\'egularisante en rupture et endommagement
	fragile},
  journal = cras,
  year = {1989},
  volume = {309},
  pages = {1515--1520},
}

@ARTICLE{StolzNguyenPropagation85,
  author = {Q.S. Nguyen and C. Stolz},
  title = {Sur le probl\`eme en vitesse de propagation de fissure et de d\'eplacement
	en rupture fragile ou ductile},
  journal = cras,
  year = {1985},
  volume = {301},
  pages = {661--664},
}

@ARTICLE{StolzCrackStability90,
  author = {Q.S. Nguyen and C. Stolz and G. Debruyne},
  title = {Energy methods in fracture mechanics. Stability, bifurcation and
	second variations},
  journal = {Eur J Mech A Solids},
  year = {1990},
  volume = {9},
  pages = {157--173},
  number = {2},
}

@ARTICLE{NishiokaCrack1983,
  author = {T. Nishioka and S.N. Atluri},
  title = {Analytical solution for embedded cracks, and finite element alternating
	method for elliptical surface cracks, subjected to arbitrary loading},
  journal = EFM,
  year = {1983},
  volume = {17},
  pages = {247--268},
}

@ARTICLE{NishiokaCurvingCracks91,
  author = {T. Nishioka and R. Murakami and S. Matsuo},
  title = {Moving finite-element simulation of fast curving fracture using automatic},
  journal = {Transactions of the Japan Society of Mechanical Engineers, Part A},
  year = {1991},
  volume = {57},
  pages = {2070--2077},
  number = {541},
}

@ARTICLE{Nisitani:force,
  author = {H. Nisitani},
  title = {Body force method for determination of the stress intensity factors},
  journal = {Journal Aeronautical Society of India, special issue on fracture
	mechanics},
  year = {1985},
  volume = {37},
  pages = {21--41},
}

@ARTICLE{Nitsche70,
  author = {J. Nitsche},
  title = {\"uber ein Variationsprinzip zur L\"osung von Dirichlet-Problemen
	bei Vervendung von Teilra\"umen, die keinen Randbedingungen unterworfen
	sind},
  journal = {Abh. Math. Semin. Univ. Hamb.},
  year = {1970},
  volume = {36},
  pages = {9--15},
  abstract = {ABSTRACT},
  entrydate = {2005/03/14},
}

@ARTICLE{Nuismer:grow,
  author = {R.J. Nuismer},
  title = {An energy release rate criterion for mixed mode fracture},
  journal = IJF,
  year = {1975},
  volume = {11},
  pages = {245--250},
}

@ARTICLE{Obata89a,
  author = {M. Obata and S. Nemat-Nasser and Y. Goto},
  title = {Branched cracks in anistropic elastic solids},
  journal = {J Appl Mech Trans ASME},
  year = {1989},
  volume = {56},
  pages = {858--864},
  number = {4},
}

@ARTICLE{Oden:PUM,
  author = {J.T. Oden and C.A.M. Duarte and O.C. Zienkiewicz},
  title = {New cloud-based hp finite element method},
  journal = CMAME,
  year = {1998},
  volume = {153},
  pages = {117--126},
  number = {1},
}

@TECHREPORT{MoesTICAM98,
  author = {J.T. Oden and K. Vemaganti and N. Mo{\"e}s},
  title = {Heterogeneous Solids},
  institution = {TICAM},
  year = {1998},
  number = {98-08},
  address = {University of Texas at Austin},
}

@ARTICLE{Oliver:discont2,
  author = {J. Oliver},
  title = {Modelling strong discontinuities in solid mechanics via strain softening
	constitutive equations. Part 2: Numerical Simulation},
  journal = IJNME,
  year = {1996},
  volume = {39},
  pages = {3601--3623},
}

@ARTICLE{Oliver:discont,
  author = {J. Oliver},
  title = {Continuum modeling of strong discontinuities in solid mechanics using
	damage models},
  journal = {Computational Mechanics},
  year = {1995},
  volume = {17},
  pages = {49--61},
}

@ARTICLE{Oliver:discont3,
  author = {J. Oliver and M. Cervera and O. Manzoli},
  title = {Strong discontinuities and continuum plasticity models: the strong
	discontinuity approach},
  journal = IJP,
  year = {1999},
  volume = {15},
  pages = {319--351},
}

@ARTICLE{Orlicz36a,
  author = {W. Orlicz},
  journal = {BullInternat. Acad. Pol. S\'er. {A} (Krakow)},
  year = {1936},
  volume = {46},
  pages = {93--107},
}

@ARTICLE{OrtizNeedleman87,
  author = {M. Ortiz and Y. Leroy and A. Needleman},
  title = {Finite element method for localized failure analysis},
  journal = CMAME,
  year = {1987},
  volume = {61},
  pages = {189--214},
  number = {2},
}

@ARTICLE{OrtizPandolfiCohesive99,
  author = {M. Ortiz and A. Pandolfi},
  title = {Finite-deformation irreversible cohesive elements for three-dimensional
	crack-propagation analysis},
  journal = IJNME,
  year = {1999},
  volume = {44},
  pages = {1276--1282},
}

@BOOK{OsherFedkiw02,
  title = {Level set methods and dynamic implicit surfaces},
  publisher = {Springer Verlag},
  year = {2002},
  author = {S. Osher and R. Fedkiw},
}

@ARTICLE{osher-sethian,
  author = {S. Osher and J. A. Sethian},
  title = {Fronts Propagating with Curvature-Dependent Speed: Algorithms Based
	on {H}amilton-{J}acobi Formulations},
  journal = {Journal of Computational Physics},
  year = {1988},
  volume = {79},
  pages = {12--49},
  number = {1},
  month = {November},
}

@ARTICLE{Ouchterlong:multi,
  author = {F. Ouchterlong},
  title = {Stress intensity factors for the expansion loaded star crack},
  journal = EFM,
  year = {1976},
  volume = {8},
  pages = {447--448},
}

@ARTICLE{patzak03,
  author = {B. Patzak and M. Jirasek},
  title = {Process zone resolution by extended finite elements},
  journal = {Engineering Fracture Mechanics},
  year = {2003},
  volume = {70},
  pages = {957--977},
  abstract = {ABSTRACT},
  entrydate = {2004/10/22},
}

@TECHREPORT{Petersson81,
  author = {P.-E. Petersson},
  title = {Crack growth and development of fracture zone in plain concrete and
	similar materials},
  institution = {Lund institute of technology},
  year = {1981},
  number = {TVBM-1006},
  address = {Sweden},
}

@ARTICLE{PichelinChenot01,
  author = {E. Pichelin and K. Mocellin and L. Fourment and J.-L. Chenot},
  title = {An application of a master-slave algorithm for solving 3D contact
	problems between deformable bodies in forming processes},
  journal = REEF,
  year = {2001},
  volume = {10},
  pages = {857--880},
  number = {8},
}

@ARTICLE{Suri:plate,
  author = {Juhani Pitk{\"a}ranta and Manil Suri},
  title = {Upper and lower bounds for plate-bending finite elements},
  year = {1998},
  note = {Submitted for publication},
}

@ARTICLE{PlanasElices93,
  author = {J. Planas and M. Elices},
  title = {Asymptotic analysis of a cohesive crack: 2. Influence of the softening
	curve},
  journal = IJF,
  year = {1993},
  volume = {64},
  pages = {221--237},
}

@ARTICLE{PlanasElices92,
  author = {J. Planas and M. Elices},
  title = {Asymptotic analysis of a cohesive crack: 1. Theoretical background},
  journal = IJF,
  year = {1992},
  volume = {55},
  pages = {153--177},
}

@INPROCEEDINGS{PrakashCliftonPulse,
  author = {V. Prakash and R.J. Clifton},
  title = {Experimental and analytical investigation of dynamic fracture under
	conditions of plane strain},
  booktitle = {Fracture mechanics: 22nd symposium, ASTM STP 1131},
  year = {1992},
  editor = {H.A. Ernst et al},
  volume = {1},
  pages = {412--444},
  optorganization = {{A}merican {S}ociety for {T}esting and {M}aterials},
}

@ARTICLE{KobayashiCrackCurving85,
  author = {M. Ramulu and A.S. Kobayashi},
  title = {Mechanics of crack curving and branching - a dynamic fracture analysis},
  journal = IJF,
  year = {1985},
  volume = {27},
  pages = {187--201},
}

@ARTICLE{Rashid:ALMR1,
  author = {M. M. Rashid},
  title = {The arbitrary local mesh refinement method: An alternative to remeshing
	for crack propagation analysis},
  journal = CMAME,
  year = {1998},
  volume = {154},
  pages = {133--150},
}

@ARTICLE{CliftonPulse,
  author = {G. Ravichandran and R.J. Clifton},
  title = {Dynamic fracture under plane wave loading},
  journal = IJF,
  year = {1989},
  volume = {40},
  pages = {157--201},
}

@INPROCEEDINGS{CervenkaCohesive94,
  author = {R. Reich and J. \v{C}ervenka and V. Saouma},
  title = {Merlin: a computational environment for 2D/3D discrete fracture analysis},
  booktitle = {Computational modeling of concrete structures},
  year = {1994},
  editor = {H. Mang and N. Bicanic and R. de Borst},
  pages = {999--1008},
  publisher = {Pineridge press, Swansea},
}

@INPROCEEDINGS{remacle:paomd,
  author = {J.-F. Remacle and J.E.~Flaherty and M.S.~Shephard},
  title = {Parallel Algorithm Oriented Mesh Database},
  booktitle = {Tenth International Meshing Roundtable},
  year = {2001},
}

@MISC{Gmsh:gmsh,
  author = {J.-F. Remacle and C. Geuzaine},
  title = {Gmsh finite element grid generator},
  year = {1998},
  note = {Available at www.geuz.org/gmsh},
}

@MISC{Aomd:aomd,
  author = {J.-F. Remacle and B. Kaan Karamete and M.S. Shephard},
  title = {{AOMD} : {A}lgorithm {O}riented {M}esh {D}atabase},
  year = {2001},
  note = {Available at http://www.scorec.rpi.edu/AOMD},
}

@INPROCEEDINGS{remacle:aomd,
  author = {J.-F. Remacle and B. Kaan Karamete and M.S.~Shephard},
  title = {Algorithm Oriented Mesh Database},
  booktitle = {Ninth International Meshing Roundtable},
  year = {2000},
}

@ARTICLE{Rethore05,
  author = {J. Rethore and A. Gravouil and A. Combescure},
  title = {An Energy Conserving Scheme for Dynamic Crack Growth with the eXtended
	Finite Element Method},
  journal = {International Journal for Numerical Methods in Engineering},
  year = {2005},
  note = {To appear},
}

@ARTICLE{Rethore04,
  author = {J. Rethore and A. Gravouil and A. Combescure},
  title = {A stable numerical scheme for the finite element simulation of dynamic
	crack propagation with remeshing},
  journal = {Comp. Meth. in Applied Mech. and Engrg.},
  year = {2004},
  volume = {193},
  pages = {4493--4510},
}

@ARTICLE{Rice:J,
  author = {J.R. Rice},
  title = {A path independent integral and the approximate analysis of strain
	concentration by notches and cracks},
  journal = {Journal of Applied Mechanics},
  year = {1968},
  volume = {35},
  pages = {379--386},
}

@ARTICLE{Rossmanith83,
  author = {H.P. Rossmanith},
  title = {How mixed-mode crack propagate? A dynamic photoelastic study},
  journal = jmps,
  year = {1983},
  volume = {31},
  pages = {251--260},
  number = {3},
}

@BOOK{Sethian:book,
  title = {Level Set Methods \& Fast Marching Methods: Evolving Interfaces in
	Computational Geometry, Fluid Mechanics, Computer Vision, and Materials
	Science},
  publisher = {Cambridge University Press},
  year = {1999},
  author = {Sethian, J. A.},
  address = {Cambridge, UK},
}

@ARTICLE{sethian6,
  author = {J. A. Sethian},
  title = {A Marching Level Set Method for Monotonically Advancing Fronts},
  journal = {Proceedings of the National Academy of Sciences},
  year = {1996},
  volume = {93},
  pages = {1591--1595},
  number = {4},
}

@ARTICLE{Shih:int,
  author = {C.F. Shih and R.J. Asaro},
  title = {Elastic-plastic analysis of cracks on bimaterial interfaces: part
	I - small scale yielding},
  journal = {Journal of Applied Mechanics},
  year = {1988},
  volume = {55},
  pages = {299--316},
}

@ARTICLE{ShihMoran3DFront86,
  author = {C.F. Shih and B. Moran and T. Nakamura},
  title = {Energy release rate along a three-dimensional crack front in a thermally
	stressed body},
  journal = IJF,
  year = {1986},
  volume = {30},
  pages = {79--102},
  abstract = {They solve a linear system to know the evolution of the energy release
	rate along the front},
}

@ARTICLE{Sih:grow,
  author = {G.C. Sih},
  title = {Strain-energy-density factor applied to mixed-mode crack problems},
  journal = {International Journal of Fracture},
  year = {1974},
  volume = {10},
  pages = {305--321},
}

@ARTICLE{SihSED73,
  author = {G.C. Sih},
  title = {Energy-density concept in fracture mechanics},
  journal = EFM,
  year = {1973},
  volume = {5},
  pages = {1037--1040},
}

@ARTICLE{SimoGovindjee90,
  author = {J.C. Simo and S. Govindjee},
  title = {Nonlinear {B}-stability and symmetry preserving return mapping algorithms
	for plasticity and viscoplasticity},
  journal = IJNME,
  year = {1990},
  volume = {31},
  pages = {151--176},
}

@ARTICLE{SimoLaursenContact92,
  author = {J.C. Simo and T.A. Laursen},
  title = {An augmented Lagrangian treatment of contact problems involving friction},
  journal = {Computers and Structures},
  year = {1992},
  volume = {42},
  pages = {97--116},
}

@ARTICLE{Simo:discont,
  author = {J.C. Simo and J. Oliver and F. Armero},
  title = {An analysis of strong discontinuities induced by strain-softening
	in rate-independent inelastic solids},
  journal = CMECH,
  year = {1993},
  volume = {12},
  pages = {277--296},
}

@ARTICLE{simone04,
  author = {A. Simone},
  title = {Partition of unity-based discontinuous elements for interface phenomena:
	computational issues},
  journal = {Communications In Numerical Methods In Engineering},
  year = {2004},
  volume = {20},
  pages = {465--478},
  abstract = {The performance of partition of unity-based discontinuous elements
	was studied by means of a numerical Study. In particular, it was
	shown that conventional interface elements and partition of unity-based
	discontinuous elements share the same structure of the stiffness
	matrix governing interface behaviour and, under specific circumstances,
	the same shortcomings (i.e. oscillations in the traction profile).
	The effect of various integration schemes on the interface contribution
	was studied through the analysis of a linear-elastic notched beam.
	Further, an eigenvalue analysis of the partition of unity-based discontinuous
	element was conducted to gain more insight into its mechanical behaviour.
	Copyright (C) 2004 John Wiley Sons, Ltd.},
  entrydate = {2004/09/20},
}

@ARTICLE{SinghCrack1998,
  author = {R. Singh and B.J. Carter and P.A. Wawrzynek and A.R. Ingraffea},
  title = {Universal crack closure integral for SIF estimation},
  journal = EFM,
  year = {1998},
  volume = {60},
  pages = {133--146},
  number = {2},
}

@ARTICLE{Sladek83,
  author = {V. Sladek and J. Sladek},
  title = {Three-dimensional curved crack in an elastic body},
  journal = IJSS,
  year = {1983},
  volume = {19},
  pages = {425--436},
  number = {5},
}

@BOOK{Sneddon:multi,
  title = {Integral transform methods. In: Methods of analysis and solutions
	of crack problems},
  publisher = {Nordhoff International},
  year = {1973},
  author = {I.N. Sneddon},
  address = {Leyden},
}

@ARTICLE{Sosa:invInt2,
  author = {H. Sosa and J. Eischen},
  title = {Computation of Stress Intensity Factors for Plate Bending Via a Path-Independent
	Integral},
  journal = EFM,
  year = {1986},
  volume = {25},
  pages = {451--462},
  number = {4},
}

@ARTICLE{Sosa:invInt1,
  author = {H. Sosa and G. Herrmann},
  title = {On invariant integrals in the analysis of cracked plates},
  journal = IJF,
  year = {1989},
  volume = {40},
  pages = {111--126},
}

@ARTICLE{SternBecker76,
  author = {M. Stern and E.B. Becker and R.S. Dunham},
  title = {A contour integral computation of mixed-mode stress intensity factors},
  journal = IJF,
  year = {1976},
  volume = {12},
  pages = {359--368},
  number = {3},
}

@PROCEEDINGS{MagdaWarsaw02,
  title = {Modelling crack growth by level sets},
  year = {2002},
  month = {Sept. 8-13},
  organization = {14th European Conference on Fracture, Warsaw, Poland},
  author = {M. Stolarska and D. Chopp and N. Moes and T.Belytschko},
}

@ARTICLE{MagdaLevel2D,
  author = {M. Stolarska and D. L. Chopp and N. Mo{\"e}s and T. Belytschko},
  title = {Modelling Crack Growth by Level Sets and the Extended Finite Element
	Method},
  journal = IJNME,
  year = {2001},
  volume = {51},
  pages = {943--960},
  number = {8},
  url = {mypapers/stola.pdf},
}

@BOOK{StolzDEAPlasticity,
  title = {Notions de plasticit\'e},
  publisher = {{\'E}cole {P}olytechnique},
  year = {1992},
  author = {C. Stolz},
  note = {Notes de cours, {DEA} de solides et des structures},
}

@ARTICLE{StolzCrasPlasticity91,
  author = {C. Stolz},
  title = {Sur les \'equations g\'e\'erales de la dynamique des milieux continus
	a\'elastiques},
  journal = cras,
  year = {1991},
  volume = {307},
}

@PHDTHESIS{StolzHabilitation,
  author = {C. Stolz},
  title = {An\'elasticit\'e et stabilit\'e},
  school = {Univ. Paris {VI}},
  year = {1987},
  note = {Th\`ese Doct. d'{\'E}tat},
}

@PHDTHESIS{StolzThesis,
  author = {C. Stolz},
  title = {Contribution \`a l'\'etude des grandes transformations en \'elastoplasticit\'e},
  school = {{ENPC}, Paris},
  year = {1982},
  note = {Th\`ese},
}

@ARTICLE{StolzDynamique96,
  author = {C. Stolz and R.M. Pradeilles-Duval},
  title = {Approche \'energ\'etique de la propagation de discontinuit\'es m\'ecaniques},
  journal = cras,
  year = {1996},
  volume = {322},
  pages = {525--532},
}

@ARTICLE{Stroub:GFEM1,
  author = {T. Strouboulis and I. Babu\v{s}ka and K. Copps},
  title = {The design and analysis of the generalized finite element method},
  journal = CMAME,
  year = {2000},
  volume = {181},
  pages = {43--71},
}

@ARTICLE{StroubGFEM1,
  author = {T. Strouboulis and I. Babu\v{s}ka and K. Copps},
  title = {The design and analysis of the generalized finite element method},
  journal = CMAME,
  year = {2000},
  volume = {181},
  pages = {43--71},
}

@ARTICLE{Stroub:GFEM2,
  author = {T. Strouboulis and K. Copps and I. Babu\v{s}ka},
  title = {The generalized finite element method: an example of its implementation
	and illustration of its performance},
  journal = IJNME,
  year = {2000},
  volume = {47},
  pages = {1401--1417},
  number = {8},
}

@ARTICLE{StroubGFEM2,
  author = {T. Strouboulis and K. Copps and I. Babu\v{s}ka},
  title = {The generalized finite element method: an example of its implementation
	and illustration of its performance},
  journal = IJNME,
  year = {2000},
  volume = {47},
  pages = {1401--1417},
  number = {8},
}

@ARTICLE{sukumar-chopp-moran,
  author = {N. Sukumar and D. L. Chopp and B. Moran},
  title = {Extended Finite Element Method and Fast Marching Method for Three-Dimensional
	Fatigue Crack Propagation},
  journal = EFM,
  year = {2001},
  note = {submitted},
}

@ARTICLE{Sukumar:inclusion,
  author = {N. Sukumar and D. L. Chopp and N. Mo{\"e}s and T. Belytschko},
  title = {Modeling Holes and Inclusions by Level Sets in the Extended Finite
	Element Method},
  journal = CMAME,
  year = {2001},
  volume = {190},
  pages = {6183--6200},
  url = {http://dx.doi.org/10.1016/S0045-7825(01)00215-8},
}

@ARTICLE{Sukumar:3D,
  author = {N. Sukumar and N. Mo{\"e}s and T. Belytschko and B. Moran},
  title = {Extended {F}inite {E}lement {M}ethod for three-dimensional crack
	modelling},
  journal = IJNME,
  year = {2000},
  volume = {48},
  pages = {1549--1570},
  number = {11},
  url = {mypapers/3d.pdf},
}

@ARTICLE{SumiNasserKeer80,
  author = {Y. Sumi and S. Nemat-Nasser and L.M. Keer},
  journal = ijes,
  year = {1980},
  volume = {18},
  pages = {211--224},
}

@ARTICLE{SuoCombescureStability92,
  author = {X.-Z. Suo and A. Combescure},
  title = {Double virtual crack extension method for crack growth stability
	assessment},
  journal = IJF,
  year = {1992},
  volume = {57},
  pages = {127--150},
}

@ARTICLE{suri96,
  author = {M. Suri},
  title = {Analytical and computational assessment of locking in the hp finite
	element method},
  journal = {Computer Methods In Applied Mechanics And Engineering},
  year = {1996},
  volume = {133},
  pages = {347--371},
  abstract = {Locking is the phenomenon by which the numerical approximation of
	parameter-dependent problems deteriorates for values of the parameter
	close to a limiting value. In this paper, we give a definition of
	locking and develop precise computable and analytic ways to quantify
	it. Using the example of nearly incompressible elasticity, we show
	by means of computational and theoretical results, the difference
	between the h version and p/hp version in combatting Locking, Our
	results establish the superiority of high-order elements (both h,
	p and hp) when the standard variational form is used. We also discuss
	other issues such as curved elements, mixed methods, and locking
	phenomena for problems over anisotropic materials and over thin domains},
  entrydate = {2004/09/20},
}

@ARTICLE{SwensonIngraffea88,
  author = {D.V. Swenson and A.R. Ingraffea},
  title = {Modeling dynamic crack propagation using finite elements: Theory
	and applications},
  journal = CMECH,
  year = {1988},
  volume = {3},
  pages = {381--397},
}

@BOOK{Szabo91a,
  title = {Finite element analysis},
  publisher = {Wiley-{I}nterscience},
  year = {1991},
  author = {B. Szabo and I. Babu\v{s}ka},
}

@ARTICLE{TheocarisTwinCrack92,
  author = {P.S. Theocaris and N.P. Andrianopoulos and S.K. Kourkoulis},
  title = {The "twin-crack" model and the T-criterion in predicting dynamic
	instability for asymmetric cracks},
  journal = EFM,
  year = {1992},
  volume = {43},
  pages = {137--146},
  number = {2},
}

@ARTICLE{Theocaris:branching,
  author = {P.S. Theocaris and G. Tsamasphyros and E.E. Theototokoglou},
  title = {An alternating coupling of finite elements and singular integral
	equations for the solution of branched cracks in finite sheets},
  journal = EFM,
  year = {1984},
  volume = {20},
  pages = {583--589},
}

@ARTICLE{SluysQuasiBrittle00,
  author = {M.G.A. Tijssens and B.L.J. Sluys and E. van der Giessen},
  title = {Numerical simulation of quasi-brittle fracture and damaging cohesive
	surfaces},
  journal = ejmas,
  year = {2000},
  volume = {19},
  pages = {761--779},
}

@ARTICLE{Trochu93,
  author = {F. Trochu and R. Gauvin and D.M. Gao},
  title = {Numerical Analysis of the Resin Transfer Molding Process by the Finite
	Element Method},
  journal = {Advances in Polymer Technology},
  year = {1993},
  volume = {12},
  pages = {329--342},
  abstract = {ABSTRACT},
  entrydate = {2005/03/14},
}

@ARTICLE{TvergaardCohesiveDuctile96,
  author = {V. Tvergaard and J. Hutchinson},
  title = {Effect of strain-dependent cohesive zone model on predictions of
	crack growth resistance},
  journal = IJSS,
  year = {1996},
  volume = {33},
  pages = {3297--3308},
}

@ARTICLE{TvergaardHutchinson92,
  author = {V. Tvergaard and J.W. Hutchinson},
  title = {Relation between crack growth resistance and fracture process parameters
	in elastic-plastic solids},
  journal = jmps,
  year = {1992},
  volume = {40},
  pages = {1377},
  number = {6},
}

@INPROCEEDINGS{Verpeaux88a,
  author = {P. Verpeaux and T. Charasse and A. Millard},
  title = {CASTEM2000: une approche moderne du calcul des structures},
  booktitle = {Calcul des structures et Intelligence artificielle},
  year = {1988},
  editor = foue # and # lade # and # ohay,
  volume = {II},
  publisher = {Pluralis},
}

@ARTICLE{Vitek:branching,
  author = {V. Vitek},
  title = {Plane strain stress intensity factors for branched cracks},
  journal = IJF,
  year = {1977},
  volume = {13},
  pages = {481--501},
}

@ARTICLE{Wagner:stokes,
  author = {G.J. Wagner and N. Mo{\"e}s and W.K. Liu and T. Belytschko},
  title = {The Extended Finite Element Method for {S}tokes Flow Past Rigid Cylinders},
  journal = IJNME,
  year = {2001},
  volume = {51},
  pages = {293--313},
  url = {mypapers/wagner.pdf},
}

@ARTICLE{HutchinsonCohesiveDuctile99,
  author = {Y. Wei and J. Hutchinson},
  title = {Models of interface separation accompanied by plastic dissipation
	at multiple scales},
  journal = EFM,
  year = {1999},
  volume = {95},
  pages = {1--17},
}

@ARTICLE{WellsSluys01,
  author = {G.N. Wells and L.J. Sluys},
  title = {A new method for modelling cohesive cracks using finite elements},
  journal = IJNME,
  year = {2001},
  volume = {50},
  pages = {2667--2682},
}

@ARTICLE{Whirley89a,
  author = {R.G. Whirley and J.O. Hallquist and G.L. Goudreau},
  title = {An assessement of numerical algorithms for plane stress and shell
	on supercomputers},
  journal = ec,
  year = {1989},
  volume = {6},
  pages = {116--126},
}

@ARTICLE{Williams:stress,
  author = {M.L. Williams},
  title = {On the stress distribution at the base of a stationary crack},
  journal = {Journal of Applied Mechanics},
  year = {1957},
  volume = {24},
  pages = {109--114},
}

@ARTICLE{Woo:hole,
  author = {C.W. Woo and Y.H. Wang and Y.K. Cheung},
  title = {The mixed mode problems for the cracks emanating from a circular
	hole in a finite plate},
  journal = EFM,
  year = {1989},
  volume = {32},
  pages = {279--288},
}

@ARTICLE{XuNeedlemanCohesive94,
  author = {X.-P. Xu and A. Needleman},
  title = {Numerical simulations of fast crack growth in brittle solids},
  journal = jmps,
  year = {1994},
  volume = {42},
  pages = {1397--1434},
  number = {9},
}

@ARTICLE{YagawaNodalRelease,
  author = {G. Yagawa and Y. Sakai and Y. Ando},
  title = {Fast fracture and crack arrest},
  journal = {ASTM STP 627},
  year = {1977},
  pages = {109--},
}

@ARTICLE{YangRaviChandarCohesive00,
  author = {B. Yang and K. Ravi-Chandar},
  title = {A single-domain dual-boundary-element formualtion incorporating a
	cohesive zone model for elastostatic cracks},
  journal = IJF,
  year = {1998},
  volume = {93},
  pages = {115--144},
}

@ARTICLE{Yau:mixed,
  author = {J. Yau and S. Wang and H. Corten},
  title = {A mixed-mode crack analysis of isotropic solids using conservation
	laws of elasticity},
  journal = {Journal of Applied Mechanics},
  year = {1980},
  volume = {47},
  pages = {335--341},
}

@ARTICLE{Zienkiewicz90b,
  author = {Zienkiewicz and O.C. and Huang and G.C.},
  title = {Note on localization phenomena and adaptive finite-element analysis
	in forming processes},
  journal = {Communications in Applied Numerical Methods},
  year = {1990},
  volume = {6},
  pages = {71--76},
  number = {2},
}

@BOOK{ZienkieBook,
  title = {The finite element method},
  publisher = {McGraw-Hill},
  year = {1967},
  author = {O.C. Zienkiewicz and Y.K. Cheung},
}

@PROCEEDINGS{cachan97,
  title = {Studies in Applied Mechanics \#47},
  year = {1998},
  editor = lade # and # vern,
  publisher = {Elsevier},
  booktitle = {Advances in adaptive computational methods in mechanics},
}

@PROCEEDINGS{mcnu97a,
  title = {Studies in Applied Mechanics \#47},
  year = {1998},
  editor = voyi # and # jwju # and # chab,
  publisher = {Elsevier},
  booktitle = {Damage mechanics in engineering materials},
}

@PROCEEDINGS{cachan84,
  title = {Studies in Applied Mechanics \#12},
  year = {1985},
  editor = lade,
  publisher = {Elsevier},
  booktitle = {Local effects in the analysis of structures},
}

@PROCEEDINGS{Udine85a,
  title = {Lecture Notes in Physics},
  year = {1985},
  editor = sanc # and # zaou,
  publisher = {Springer-Verlag},
  booktitle = {Homogenization Techniques for Composite Media},
}

@PROCEEDINGS{WessexDynamicFracture95,
  title = {Dynamic fracture mechanics},
  year = {1995},
  editor = {M.H. Aliabadi},
  publisher = {Computational Mechanics Publications},
}

@PROCEEDINGS{BelytschkoHughesEds83,
  title = {Computational methods for transient analysis},
  year = {1983},
  editor = {T. Belytschko and T.J.R. Hughes},
  publisher = {North-Holland, New-York},
}

@PROCEEDINGS{siam90,
  title = {Third International Symposium on Domain Decomposition Methods for
	Partial Differential Equations},
  year = {1990},
  editor = {T. F. Chan and R. Glowinski and J. P\'eriaux and O. B. Widlund},
  address = {Philadelphia},
  publisher = {SIAM},
  booktitle = {Third International Symposium on Domain Decomposition Methods for
	Partial Differential Equations},
}

@PROCEEDINGS{FractureSwansea78,
  title = {Numerical methods in fracture mechanics},
  year = {1978},
  editor = {A.R. Luxmoore and D.R.J. Owen},
  organization = {Univ. College Swansea},
}

@PROCEEDINGS{AsmeFractureDynamics79,
  title = {Nonlinear and dynamic fracture mechanics},
  year = {1979},
  editor = {N. Perrone and S.N. Atluri},
  publisher = {ASME AMD Vol. 35},
}

@PROCEEDINGS{SihChowFracture77,
  title = {Fracture mechanics and technology},
  year = {1977},
  editor = {G.C. Sih and C.L. Show},
  publisher = {Sitzhoff and Noorhoff International},
}

@PROCEEDINGS{MoesMega02,
  title = {X-FEM: De Nouvelles Fronti\`eres pour les \'el\'ements finis},
  year = {3 Octobre 2002},
  note = {Pr\'esentation \`a l'Ecole Doctorale MEGA de Lyon},
}

@BOOK{SonBookStability,
  title = {Stabilit\'e et m\'ecanique non lin\'eaire},
  publisher = {Hermes},
  year = {2000},
  altauthor = {Nguyen Quoc Son},
}

